<?xml version="1.0" encoding="UTF-8"?>
<!DOCTYPE html PUBLIC "-//W3C//DTD XHTML 1.0 Transitional//EN"
    "http://www.w3.org/TR/xhtml1/DTD/xhtml1-transitional.dtd">
<html xmlns="http://www.w3.org/1999/xhtml" xml:lang="en" lang="en">
 <head>
  <title>
</title>
<meta http-equiv="Content-Type" content="text/html;charset=utf-8" />
  <meta name='ocr-system' content='tesseract 3.04.00' />
  <meta name='ocr-capabilities' content='ocr_page ocr_carea ocr_par ocr_line ocrx_word'/>
</head>
<body>
  <div class='ocr_page' id='page_1' title='image "./dedemosthenisqu01ottogoog_0032.png"; bbox 0 0 3164 4932; ppageno 0'>
   <div class='ocr_carea' id='block_1_1' title="bbox 645 321 854 417">
    <p class='ocr_par' dir='ltr' id='par_1_1' title="bbox 645 321 854 417">
     <span class='ocr_line' id='line_1_1' title="bbox 645 321 854 417; baseline 0.005 -28"><span class='ocrx_word' id='word_1_1' title='bbox 645 321 685 389; x_wconf 50' lang='grc' dir='ltr'>ζ</span> <span class='ocrx_word' id='word_1_2' title='bbox 730 349 854 417; x_wconf 16' lang='lat'><strong>27⁴-—</strong></span> 
     </span>
    </p>
   </div>
   <div class='ocr_carea' id='block_1_2' title="bbox 197 524 1320 1118">
    <p class='ocr_par' dir='ltr' id='par_1_2' title="bbox 197 524 1299 718">
     <span class='ocr_line' id='line_1_2' title="bbox 200 524 1299 621; baseline 0.004 -31"><span class='ocrx_word' id='word_1_3' title='bbox 200 524 217 590; x_wconf 86' lang='grc' dir='ltr'><strong>ό</strong></span> <span class='ocrx_word' id='word_1_4' title='bbox 233 553 266 589; x_wconf 83' lang='grc' dir='ltr'><strong>τι</strong></span> <span class='ocrx_word' id='word_1_5' title='bbox 284 530 415 606; x_wconf 74' lang='grc' dir='ltr'><strong>κελεύεις</strong></span> <span class='ocrx_word' id='word_1_6' title='bbox 444 529 652 616; x_wconf 81' lang='lat' dir='ltr'>Oomperctur</span> <span class='ocrx_word' id='word_1_7' title='bbox 673 531 768 595; x_wconf 84' lang='lat' dir='ltr'>etiem</span> <span class='ocrx_word' id='word_1_8' title='bbox 783 553 826 596; x_wconf 91' lang='lat' dir='ltr'><strong>or.</strong></span> <span class='ocrx_word' id='word_1_9' title='bbox 842 531 965 597; x_wconf 85' lang='lat' dir='ltr'>XVIII.</span> <span class='ocrx_word' id='word_1_10' title='bbox 980 535 1041 597; x_wconf 81' lang='lat'><strong>322</strong></span> <span class='ocrx_word' id='word_1_11' title='bbox 1063 535 1138 609; x_wconf 83' lang='grc' dir='ltr'><strong>τοὺς</strong></span> <span class='ocrx_word' id='word_1_12' title='bbox 1158 534 1299 621; x_wconf 84' lang='grc' dir='ltr'><strong>καταρά-</strong></span> 
     </span>
     <span class='ocr_line' id='line_1_3' title="bbox 197 625 1072 718; baseline 0.007 -28"><span class='ocrx_word' id='word_1_13' title='bbox 197 653 272 705; x_wconf 85' lang='grc' dir='ltr'><strong>τους</strong></span> <span class='ocrx_word' id='word_1_14' title='bbox 293 629 433 705; x_wconf 79' lang='grc' dir='ltr'><strong>τούτους</strong></span> <span class='ocrx_word' id='word_1_15' title='bbox 455 625 580 715; x_wconf 83' lang='grc' dir='ltr'><strong>ώςπερ</strong></span> <span class='ocrx_word' id='word_1_16' title='bbox 602 631 695 717; x_wconf 77' lang='grc' dir='ltr'><strong>θηρία</strong></span> <span class='ocrx_word' id='word_1_17' title='bbox 720 655 774 711; x_wconf 89' lang='grc' dir='ltr'><strong>μοι</strong></span> <span class='ocrx_word' id='word_1_18' title='bbox 795 633 1072 718; x_wconf 83' lang='grc' dir='ltr'><strong>προςβαλλόντων.</strong></span> 
     </span>
    </p>

    <p class='ocr_par' dir='ltr' id='par_1_3' title="bbox 197 727 1320 1118">
     <span class='ocr_line' id='line_1_4' title="bbox 281 727 1299 815; baseline 0.008 -23"><span class='ocrx_word' id='word_1_19' title='bbox 281 727 388 814; x_wconf 80' lang='lat' dir='ltr'><strong>Atque</strong></span> <span class='ocrx_word' id='word_1_20' title='bbox 409 729 489 794; x_wconf 82' lang='lat' dir='ltr'>hacc</span> <span class='ocrx_word' id='word_1_21' title='bbox 514 729 641 815; x_wconf 92' lang='lat' dir='ltr'>quidem</span> <span class='ocrx_word' id='word_1_22' title='bbox 666 729 705 795; x_wconf 89' lang='lat' dir='ltr'>de</span> <span class='ocrx_word' id='word_1_23' title='bbox 731 730 837 796; x_wconf 91' lang='lat' dir='ltr'>uerbis</span> <span class='ocrx_word' id='word_1_24' title='bbox 864 731 1014 796; x_wconf 81' lang='lat' dir='ltr'>orationis</span> <span class='ocrx_word' id='word_1_25' title='bbox 1035 731 1208 798; x_wconf 91' lang='lat' dir='ltr'>XXXIIII.</span> <span class='ocrx_word' id='word_1_26' title='bbox 1229 756 1299 800; x_wconf 91' lang='lat' dir='ltr'>uer-</span> 
     </span>
     <span class='ocr_line' id='line_1_5' title="bbox 198 829 1320 918; baseline 0.008 -26"><span class='ocrx_word' id='word_1_27' title='bbox 198 829 371 915; x_wconf 92' lang='lat' dir='ltr'>borumque</span> <span class='ocrx_word' id='word_1_28' title='bbox 399 831 573 911; x_wconf 83' lang='lat' dir='ltr'>structuris,</span> <span class='ocrx_word' id='word_1_29' title='bbox 602 852 683 916; x_wconf 87' lang='lat' dir='ltr'>quoe</span> <span class='ocrx_word' id='word_1_30' title='bbox 712 853 732 895; x_wconf 87' lang='lat' dir='ltr'>o</span> <span class='ocrx_word' id='word_1_31' title='bbox 759 830 972 897; x_wconf 74' lang='lat' dir='ltr'>Demosthene</span> <span class='ocrx_word' id='word_1_32' title='bbox 1001 840 1057 898; x_wconf 85' lang='lat' dir='ltr'><strong>aut</strong></span> <span class='ocrx_word' id='word_1_33' title='bbox 1086 855 1215 918; x_wconf 80' lang='lat' dir='ltr'>perraro</span> <span class='ocrx_word' id='word_1_34' title='bbox 1244 842 1320 900; x_wconf 82' lang='lat' dir='ltr'>eut·</span> 
     </span>
     <span class='ocr_line' id='line_1_6' title="bbox 198 929 1298 1012; baseline 0.007 -20"><span class='ocrx_word' id='word_1_35' title='bbox 198 929 323 993; x_wconf 90' lang='lat' dir='ltr'>omnino</span> <span class='ocrx_word' id='word_1_36' title='bbox 355 951 418 994; x_wconf 93' lang='lat' dir='ltr'><strong>non</strong></span> <span class='ocrx_word' id='word_1_37' title='bbox 451 937 524 995; x_wconf 91' lang='lat' dir='ltr'>sunt</span> <span class='ocrx_word' id='word_1_38' title='bbox 558 930 713 1012; x_wconf 79' lang='lat' dir='ltr'>adhibito3</span> <span class='ocrx_word' id='word_1_39' title='bbox 750 937 946 996; x_wconf 82' lang='lat' dir='ltr'>transeamus</span> <span class='ocrx_word' id='word_1_40' title='bbox 977 955 1061 998; x_wconf 92' lang='lat' dir='ltr'>nunc</span> <span class='ocrx_word' id='word_1_41' title='bbox 1093 934 1133 998; x_wconf 84' lang='lat' dir='ltr'>ed</span> <span class='ocrx_word' id='word_1_42' title='bbox 1166 935 1298 1001; x_wconf 84' lang='lat' dir='ltr'>alterum</span> 
     </span>
     <span class='ocr_line' id='line_1_7' title="bbox 197 1031 1134 1118; baseline 0.007 -25"><span class='ocrx_word' id='word_1_43' title='bbox 197 1036 319 1114; x_wconf 84' lang='lat' dir='ltr'>portem</span> <span class='ocrx_word' id='word_1_44' title='bbox 341 1052 459 1114; x_wconf 86' lang='lat' dir='ltr'>eorum,</span> <span class='ocrx_word' id='word_1_45' title='bbox 481 1051 563 1115; x_wconf 83' lang='lat' dir='ltr'>quae</span> <span class='ocrx_word' id='word_1_46' title='bbox 585 1031 625 1097; x_wconf 91' lang='lat' dir='ltr'>de</span> <span class='ocrx_word' id='word_1_47' title='bbox 646 1033 822 1098; x_wconf 83' lang='lat' dir='ltr'>elocutione</span> <span class='ocrx_word' id='word_1_48' title='bbox 844 1040 917 1098; x_wconf 90' lang='lat' dir='ltr'>sunt</span> <span class='ocrx_word' id='word_1_49' title='bbox 937 1034 1080 1118; x_wconf 85' lang='lat' dir='ltr'>dicende,</span> <span class='ocrx_word' id='word_1_50' title='bbox 1102 1042 1134 1100; x_wconf 92' lang='lat' dir='ltr'>et</span> 
     </span>
    </p>
   </div>
   <div class='ocr_carea' id='block_1_3' title="bbox 478 1207 1015 1295">
    <p class='ocr_par' dir='ltr' id='par_1_4' title="bbox 478 1207 1015 1295">
     <span class='ocr_line' id='line_1_8' title="bbox 478 1207 1015 1295; baseline 0.006 -24"><span class='ocrx_word' id='word_1_51' title='bbox 478 1207 523 1272; x_wconf 90' lang='lat' dir='ltr'>de</span> <span class='ocrx_word' id='word_1_52' title='bbox 552 1215 694 1273; x_wconf 82' lang='lat' dir='ltr'>ornatu</span> <span class='ocrx_word' id='word_1_53' title='bbox 723 1216 844 1295; x_wconf 85' lang='lat' dir='ltr'>atque</span> <span class='ocrx_word' id='word_1_54' title='bbox 867 1209 1015 1295; x_wconf 87' lang='lat' dir='ltr'>figuris</span> 
     </span>
    </p>
   </div>
   <div class='ocr_carea' id='block_1_4' title="bbox 136 1331 1382 3922">
    <p class='ocr_par' dir='ltr' id='par_1_5' title="bbox 195 1331 428 1411">
     <span class='ocr_line' id='line_1_9' title="bbox 195 1331 428 1411; baseline 0 -15"><span class='ocrx_word' id='word_1_55' title='bbox 195 1333 385 1396; x_wconf 84' lang='lat' dir='ltr'>disseremus</span> <span class='ocrx_word' id='word_1_56' title='bbox 397 1331 428 1411; x_wconf 89' lang='grc'><strong>1).</strong></span> 
     </span>
    </p>

    <p class='ocr_par' dir='ltr' id='par_1_6' title="bbox 193 1421 1297 1700">
     <span class='ocr_line' id='line_1_10' title="bbox 258 1421 1297 1518; baseline 0.005 -22"><span class='ocrx_word' id='word_1_57' title='bbox 258 1421 327 1496; x_wconf 72' lang='lat' dir='ltr'><strong>&#39;Ac</strong></span> <span class='ocrx_word' id='word_1_58' title='bbox 355 1434 489 1517; x_wconf 89' lang='lat' dir='ltr'>primum</span> <span class='ocrx_word' id='word_1_59' title='bbox 518 1435 550 1497; x_wconf 93' lang='lat' dir='ltr'><strong>in</strong></span> <span class='ocrx_word' id='word_1_60' title='bbox 576 1436 717 1500; x_wconf 85' lang='lat' dir='ltr'>cretione</span> <span class='ocrx_word' id='word_1_61' title='bbox 742 1434 916 1500; x_wconf 88' lang='lat' dir='ltr'>XXXIIII.</span> <span class='ocrx_word' id='word_1_62' title='bbox 943 1455 1061 1518; x_wconf 85' lang='lat' dir='ltr'>magne</span> <span class='ocrx_word' id='word_1_63' title='bbox 1086 1435 1297 1501; x_wconf 89' lang='lat' dir='ltr'>uerborum</span> 
     </span>
     <span class='ocr_line' id='line_1_11' title="bbox 194 1534 1297 1621; baseline 0.004 -23"><span class='ocrx_word' id='word_1_64' title='bbox 194 1540 243 1598; x_wconf 90' lang='lat' dir='ltr'><strong>est</strong></span> <span class='ocrx_word' id='word_1_65' title='bbox 263 1534 416 1619; x_wconf 84' lang='lat' dir='ltr'>inopie3</span> <span class='ocrx_word' id='word_1_66' title='bbox 444 1535 663 1601; x_wconf 87' lang='lat' dir='ltr'>molestissime</span> <span class='ocrx_word' id='word_1_67' title='bbox 692 1536 775 1600; x_wconf 92' lang='lat' dir='ltr'>enim</span> <span class='ocrx_word' id='word_1_68' title='bbox 803 1536 837 1599; x_wconf 93' lang='lat' dir='ltr'><strong>in</strong></span> <span class='ocrx_word' id='word_1_69' title='bbox 862 1556 900 1600; x_wconf 83' lang='lat' dir='ltr'><strong>ee</strong></span> <span class='ocrx_word' id='word_1_70' title='bbox 927 1536 1028 1621; x_wconf 88' lang='lat' dir='ltr'>repeti</span> <span class='ocrx_word' id='word_1_71' title='bbox 1052 1534 1196 1600; x_wconf 92' lang='lat' dir='ltr'>uidemus</span> <span class='ocrx_word' id='word_1_72' title='bbox 1217 1537 1297 1602; x_wconf 84' lang='lat' dir='ltr'>hoec</span> 
     </span>
     <span class='ocr_line' id='line_1_12' title="bbox 193 1634 970 1700; baseline 0.003 -2"><span class='ocrx_word' id='word_1_73' title='bbox 193 1634 293 1699; x_wconf 83' lang='lat' dir='ltr'>uerbo</span> <span class='ocrx_word' id='word_1_74' title='bbox 315 1639 347 1698; x_wconf 88' lang='lat' dir='ltr'>et</span> <span class='ocrx_word' id='word_1_75' title='bbox 367 1634 555 1700; x_wconf 90' lang='lat' dir='ltr'>locutiones:</span> <span class='ocrx_word' id='word_1_76' title='bbox 968 1651 970 1654; x_wconf 81' lang='grc'><strong><em>·</em></strong></span> 
     </span>
    </p>

    <p class='ocr_par' dir='ltr' id='par_1_7' title="bbox 136 1731 1382 3730">
     <span class='ocr_line' id='line_1_13' title="bbox 278 1731 1296 1822; baseline 0.003 -26"><span class='ocrx_word' id='word_1_77' title='bbox 278 1731 363 1814; x_wconf 75' lang='lat'><strong>§§.5</strong></span> <span class='ocrx_word' id='word_1_78' title='bbox 394 1735 480 1818; x_wconf 78' lang='grc' dir='ltr'><strong>φασὶ</strong></span> <span class='ocrx_word' id='word_1_79' title='bbox 502 1737 528 1796; x_wconf 89' lang='grc' dir='ltr'><strong>δ’</strong></span> <span class='ocrx_word' id='word_1_80' title='bbox 551 1737 789 1798; x_wconf 77' lang='grc' dir='ltr'><strong>ἀποδεδωκέναι</strong></span> <span class='ocrx_word' id='word_1_81' title='bbox 817 1737 856 1798; x_wconf 91' lang='grc' dir='ltr'><strong>τὸ</strong></span> <span class='ocrx_word' id='word_1_82' title='bbox 879 1736 1115 1822; x_wconf 83' lang='grc' dir='ltr'><strong>χρυσίον-ὡς</strong></span> <span class='ocrx_word' id='word_1_83' title='bbox 1137 1739 1194 1798; x_wconf 80' lang='grc' dir='ltr'><strong>οὐκ</strong></span> <span class='ocrx_word' id='word_1_84' title='bbox 1217 1739 1296 1799; x_wconf 86' lang='grc' dir='ltr'><strong>ἀπο-</strong></span> 
     </span>
     <span class='ocr_line' id='line_1_14' title="bbox 195 1834 1294 1924; baseline 0.003 -28"><span class='ocrx_word' id='word_1_85' title='bbox 195 1836 377 1898; x_wconf 84' lang='grc' dir='ltr'><strong>δέδωκεν-</strong></span> <span class='ocrx_word' id='word_1_86' title='bbox 389 1835 584 1910; x_wconf 82' lang='grc' dir='ltr'><strong>ἀποδοῦναι,</strong></span> <span class='ocrx_word' id='word_1_87' title='bbox 603 1837 621 1898; x_wconf 85' lang='grc'>9</span> <span class='ocrx_word' id='word_1_88' title='bbox 645 1837 662 1896; x_wconf 91' lang='grc' dir='ltr'><strong>ὁ</strong></span> <span class='ocrx_word' id='word_1_89' title='bbox 684 1842 742 1898; x_wconf 76' lang='grc' dir='ltr'><strong>νῦν</strong></span> <span class='ocrx_word' id='word_1_90' title='bbox 764 1835 899 1919; x_wconf 83' lang='grc' dir='ltr'><strong>φάσκων</strong></span> <span class='ocrx_word' id='word_1_91' title='bbox 920 1834 1157 1916; x_wconf 67' lang='grc' dir='ltr'><strong>ἀποδεδωκέναι</strong></span> <span class='ocrx_word' id='word_1_92' title='bbox 1177 1838 1218 1898; x_wconf 84' lang='grc' dir='ltr'><strong>τὸ</strong></span> <span class='ocrx_word' id='word_1_93' title='bbox 1233 1863 1294 1924; x_wconf 75' lang='grc' dir='ltr'><strong>χρ,</strong></span> 
     </span>
     <span class='ocr_line' id='line_1_15' title="bbox 197 1933 1295 2022; baseline 0.002 -24"><span class='ocrx_word' id='word_1_94' title='bbox 197 1937 231 1998; x_wconf 93' lang='grc'><strong>11</strong></span> <span class='ocrx_word' id='word_1_95' title='bbox 258 1935 280 2020; x_wconf 78' lang='grc' dir='ltr'>ᾧ</span> <span class='ocrx_word' id='word_1_96' title='bbox 298 1946 398 2018; x_wconf 78' lang='grc' dir='ltr'><strong>φησιν</strong></span> <span class='ocrx_word' id='word_1_97' title='bbox 413 1934 650 2022; x_wconf 74' lang='grc' dir='ltr'><strong>ἀποδεδωκέναι</strong></span> <span class='ocrx_word' id='word_1_98' title='bbox 672 1935 712 1997; x_wconf 84' lang='grc' dir='ltr'><strong>τὸ</strong></span> <span class='ocrx_word' id='word_1_99' title='bbox 728 1961 786 2021; x_wconf 79' lang='grc' dir='ltr'><strong>χρ,</strong></span> <span class='ocrx_word' id='word_1_100' title='bbox 804 1936 842 1998; x_wconf 91' lang='grc'><strong>12</strong></span> <span class='ocrx_word' id='word_1_101' title='bbox 865 1933 1018 2018; x_wconf 74' lang='grc' dir='ltr'><strong>ὡμολόγει</strong></span> <span class='ocrx_word' id='word_1_102' title='bbox 1040 1935 1235 2013; x_wconf 81' lang='grc' dir='ltr'><strong>ἀποδώσειν,</strong></span> <span class='ocrx_word' id='word_1_103' title='bbox 1258 1939 1295 2000; x_wconf 88' lang='grc'><strong>13</strong></span> 
     </span>
     <span class='ocr_line' id='line_1_16' title="bbox 195 2033 1294 2121; baseline 0.001 -26"><span class='ocrx_word' id='word_1_104' title='bbox 195 2037 261 2097; x_wconf 76' lang='grc' dir='ltr'><strong>οὐδ’</strong></span> <span class='ocrx_word' id='word_1_105' title='bbox 277 2033 457 2098; x_wconf 88' lang='grc' dir='ltr'><strong>ἀποδίδωσι</strong></span> <span class='ocrx_word' id='word_1_106' title='bbox 478 2036 517 2096; x_wconf 86' lang='grc' dir='ltr'><strong>τὸ</strong></span> <span class='ocrx_word' id='word_1_107' title='bbox 533 2033 671 2108; x_wconf 84' lang='grc' dir='ltr'><strong>δάνειον,</strong></span> <span class='ocrx_word' id='word_1_108' title='bbox 697 2038 735 2098; x_wconf 87' lang='grc'><strong>14</strong></span> <span class='ocrx_word' id='word_1_109' title='bbox 751 2035 933 2098; x_wconf 87' lang='grc' dir='ltr'><strong>ἀποδέδωκε</strong></span> <span class='ocrx_word' id='word_1_110' title='bbox 955 2034 994 2094; x_wconf 84' lang='grc' dir='ltr'><strong>τὸ</strong></span> <span class='ocrx_word' id='word_1_111' title='bbox 1012 2060 1061 2121; x_wconf 89' lang='grc' dir='ltr'><strong>χρ.</strong></span> <span class='ocrx_word' id='word_1_112' title='bbox 1078 2069 1121 2079; x_wconf 90' lang='grc'>-</span> <span class='ocrx_word' id='word_1_113' title='bbox 1139 2059 1294 2120; x_wconf 79' lang='grc' dir='ltr'><strong>παρεστη-</strong></span> 
     </span>
     <span class='ocr_line' id='line_1_17' title="bbox 196 2133 1294 2222; baseline 0.002 -27"><span class='ocrx_word' id='word_1_114' title='bbox 196 2133 286 2210; x_wconf 81' lang='grc' dir='ltr'><strong>κότος</strong></span> <span class='ocrx_word' id='word_1_115' title='bbox 300 2150 362 2198; x_wconf 80' lang='grc' dir='ltr'><strong>τοῦ</strong></span> <span class='ocrx_word' id='word_1_116' title='bbox 381 2135 428 2206; x_wconf 70' lang='grc' dir='ltr'><strong>Δ,</strong></span> <span class='ocrx_word' id='word_1_117' title='bbox 446 2133 538 2217; x_wconf 81' lang='grc' dir='ltr'><strong>ᾦνῦν</strong></span> <span class='ocrx_word' id='word_1_118' title='bbox 552 2144 652 2217; x_wconf 77' lang='grc' dir='ltr'><strong>φησιν</strong></span> <span class='ocrx_word' id='word_1_119' title='bbox 668 2135 904 2198; x_wconf 84' lang='grc' dir='ltr'><strong>ἀποδεδωκέναι</strong></span> <span class='ocrx_word' id='word_1_120' title='bbox 918 2133 958 2197; x_wconf 85' lang='grc' dir='ltr'><strong>τὸ</strong></span> <span class='ocrx_word' id='word_1_121' title='bbox 970 2161 1031 2222; x_wconf 84' lang='grc' dir='ltr'><strong>χρ,</strong></span> <span class='ocrx_word' id='word_1_122' title='bbox 1048 2137 1087 2199; x_wconf 83' lang='grc'><strong>15</strong></span> <span class='ocrx_word' id='word_1_123' title='bbox 1103 2136 1294 2198; x_wconf 83' lang='grc' dir='ltr'><strong>ἀποδέδωκα</strong></span> 
     </span>
     <span class='ocr_line' id='line_1_18' title="bbox 195 2225 1295 2322; baseline 0.001 -26"><span class='ocrx_word' id='word_1_124' title='bbox 195 2235 253 2319; x_wconf 84' lang='grc' dir='ltr'><strong>γὰρ</strong></span> <span class='ocrx_word' id='word_1_125' title='bbox 279 2241 389 2321; x_wconf 76' lang='grc' dir='ltr'><strong>τούτῳ</strong></span> <span class='ocrx_word' id='word_1_126' title='bbox 415 2252 461 2322; x_wconf 78' lang='grc' dir='ltr'><strong>τῷ</strong></span> <span class='ocrx_word' id='word_1_127' title='bbox 484 2225 699 2322; x_wconf 66' lang='grc' dir='ltr'><strong>παρεστηκότι</strong></span> <span class='ocrx_word' id='word_1_128' title='bbox 721 2235 761 2298; x_wconf 83' lang='grc' dir='ltr'><strong>τὸ</strong></span> <span class='ocrx_word' id='word_1_129' title='bbox 783 2261 841 2320; x_wconf 73' lang='grc' dir='ltr'><strong>χρ,</strong></span> <span class='ocrx_word' id='word_1_130' title='bbox 867 2237 904 2299; x_wconf 91' lang='grc'><strong>16</strong></span> <span class='ocrx_word' id='word_1_131' title='bbox 932 2235 1056 2298; x_wconf 77' lang='grc' dir='ltr'><strong>οὐδέπω</strong></span> <span class='ocrx_word' id='word_1_132' title='bbox 1082 2234 1154 2298; x_wconf 85' lang='grc' dir='ltr'><strong>τότ’</strong></span> <span class='ocrx_word' id='word_1_133' title='bbox 1176 2231 1295 2319; x_wconf 79' lang='grc' dir='ltr'><strong>ἔφησεν</strong></span> 
     </span>
     <span class='ocr_line' id='line_1_19' title="bbox 195 2335 1382 2423; baseline 0 -27"><span class='ocrx_word' id='word_1_134' title='bbox 195 2335 427 2400; x_wconf 85' lang='grc' dir='ltr'><strong>ἀποδεδωκέναι</strong></span> <span class='ocrx_word' id='word_1_135' title='bbox 437 2339 476 2399; x_wconf 87' lang='grc' dir='ltr'><strong>τὸ</strong></span> <span class='ocrx_word' id='word_1_136' title='bbox 489 2363 546 2423; x_wconf 78' lang='grc' dir='ltr'><strong>χρ,</strong></span> <span class='ocrx_word' id='word_1_137' title='bbox 561 2337 598 2400; x_wconf 81' lang='grc'><strong>17</strong></span> <span class='ocrx_word' id='word_1_138' title='bbox 613 2338 650 2412; x_wconf 82' lang='grc' dir='ltr'><strong>ὡς</strong></span> <span class='ocrx_word' id='word_1_139' title='bbox 663 2337 888 2410; x_wconf 81' lang='grc' dir='ltr'><strong>ἀποδεδώκασι</strong></span> <span class='ocrx_word' id='word_1_140' title='bbox 898 2337 938 2397; x_wconf 91' lang='grc' dir='ltr'><strong>τὸ</strong></span> <span class='ocrx_word' id='word_1_141' title='bbox 948 2361 1046 2422; x_wconf 74' lang='lat' dir='ltr'>te·-</span> <span class='ocrx_word' id='word_1_142' title='bbox 1057 2339 1095 2412; x_wconf 83' lang='grc' dir='ltr'><strong>ὡς</strong></span> <span class='ocrx_word' id='word_1_143' title='bbox 1111 2335 1294 2398; x_wconf 88' lang='grc' dir='ltr'><strong>ἀποδέδωκε</strong></span> <span class='ocrx_word' id='word_1_144' title='bbox 1380 2411 1382 2416; x_wconf 14' lang='grc' dir='ltr'><strong><em>Α</em></strong></span> 
     </span>
     <span class='ocr_line' id='line_1_20' title="bbox 192 2436 1292 2523; baseline 0.002 -26"><span class='ocrx_word' id='word_1_145' title='bbox 192 2437 232 2498; x_wconf 88' lang='grc' dir='ltr'><strong>τὸ</strong></span> <span class='ocrx_word' id='word_1_146' title='bbox 255 2463 302 2523; x_wconf 88' lang='grc' dir='ltr'><strong>χρ.</strong></span> <span class='ocrx_word' id='word_1_147' title='bbox 316 2436 439 2498; x_wconf 81' lang='grc' dir='ltr'><strong>-οῧτ’</strong></span> <span class='ocrx_word' id='word_1_148' title='bbox 462 2437 606 2499; x_wconf 86' lang='grc' dir='ltr'><strong>ἀπέδωκε</strong></span> <span class='ocrx_word' id='word_1_149' title='bbox 633 2437 673 2498; x_wconf 90' lang='grc' dir='ltr'><strong>τὸ</strong></span> <span class='ocrx_word' id='word_1_150' title='bbox 696 2462 758 2522; x_wconf 75' lang='grc' dir='ltr'><strong>χρ,</strong></span> <span class='ocrx_word' id='word_1_151' title='bbox 780 2437 826 2499; x_wconf 92' lang='grc'><strong>22</strong></span> <span class='ocrx_word' id='word_1_152' title='bbox 843 2436 1025 2500; x_wconf 82' lang='grc' dir='ltr'><strong>ἀποδώσειν</strong></span> <span class='ocrx_word' id='word_1_153' title='bbox 1045 2440 1085 2499; x_wconf 88' lang='grc' dir='ltr'><strong>τὸ</strong></span> <span class='ocrx_word' id='word_1_154' title='bbox 1108 2461 1168 2522; x_wconf 72' lang='grc' dir='ltr'><strong>χρ,</strong></span> <span class='ocrx_word' id='word_1_155' title='bbox 1191 2438 1231 2500; x_wconf 90' lang='grc'><strong>23</strong></span> <span class='ocrx_word' id='word_1_156' title='bbox 1254 2439 1292 2499; x_wconf 90' lang='grc' dir='ltr'><strong>Φ.</strong></span> 
     </span>
     <span class='ocr_line' id='line_1_21' title="bbox 193 2534 1293 2622; baseline 0.004 -25"><span class='ocrx_word' id='word_1_157' title='bbox 193 2536 225 2598; x_wconf 89' lang='grc' dir='ltr'><strong>δέ</strong></span> <span class='ocrx_word' id='word_1_158' title='bbox 248 2549 349 2620; x_wconf 80' lang='grc' dir='ltr'><strong>φησιν</strong></span> <span class='ocrx_word' id='word_1_159' title='bbox 369 2538 564 2613; x_wconf 79' lang='grc' dir='ltr'><strong>ἀποδοῦναι,</strong></span> <span class='ocrx_word' id='word_1_160' title='bbox 587 2538 627 2600; x_wconf 87' lang='grc'><strong>24</strong></span> <span class='ocrx_word' id='word_1_161' title='bbox 643 2534 707 2599; x_wconf 80' lang='grc' dir='ltr'><strong>ὅσα</strong></span> <span class='ocrx_word' id='word_1_162' title='bbox 730 2539 808 2619; x_wconf 82' lang='grc' dir='ltr'><strong>φησὶ</strong></span> <span class='ocrx_word' id='word_1_163' title='bbox 829 2536 965 2622; x_wconf 78' lang='grc' dir='ltr'><strong>χρήματ’</strong></span> <span class='ocrx_word' id='word_1_164' title='bbox 982 2537 1230 2612; x_wconf 85' lang='grc' dir='ltr'><strong>ἀποδεδωκέναι,</strong></span> <span class='ocrx_word' id='word_1_165' title='bbox 1253 2539 1293 2601; x_wconf 82' lang='grc'><strong>25</strong></span> 
     </span>
     <span class='ocr_line' id='line_1_22' title="bbox 193 2633 1293 2718; baseline 0.003 -20"><span class='ocrx_word' id='word_1_166' title='bbox 193 2633 229 2712; x_wconf 87' lang='grc' dir='ltr'><strong>ἅς</strong></span> <span class='ocrx_word' id='word_1_167' title='bbox 252 2647 352 2718; x_wconf 81' lang='grc' dir='ltr'><strong>φησιν</strong></span> <span class='ocrx_word' id='word_1_168' title='bbox 381 2636 616 2701; x_wconf 86' lang='grc' dir='ltr'><strong>ἀποδεδωκέναι</strong></span> <span class='ocrx_word' id='word_1_169' title='bbox 634 2671 670 2680; x_wconf 88' lang='grc'><strong>-</strong></span> <span class='ocrx_word' id='word_1_170' title='bbox 690 2638 875 2699; x_wconf 81' lang='grc' dir='ltr'><strong>ἀποδοῦναι</strong></span> <span class='ocrx_word' id='word_1_171' title='bbox 887 2671 928 2680; x_wconf 94' lang='lat'><strong>—-</strong></span> <span class='ocrx_word' id='word_1_172' title='bbox 940 2635 1092 2712; x_wconf 87' lang='grc' dir='ltr'><strong>ἀπέδωκε,</strong></span> <span class='ocrx_word' id='word_1_173' title='bbox 1114 2638 1154 2700; x_wconf 90' lang='grc'><strong>26</strong></span> <span class='ocrx_word' id='word_1_174' title='bbox 1178 2638 1293 2700; x_wconf 87' lang='grc' dir='ltr'><strong>ἀποδέ-</strong></span> 
     </span>
     <span class='ocr_line' id='line_1_23' title="bbox 192 2735 1357 2823; baseline -0.002 -25"><span class='ocrx_word' id='word_1_175' title='bbox 192 2739 292 2812; x_wconf 84' lang='grc' dir='ltr'><strong>δωκας</strong></span> <span class='ocrx_word' id='word_1_176' title='bbox 305 2775 344 2784; x_wconf 95' lang='grc'>-</span> <span class='ocrx_word' id='word_1_177' title='bbox 357 2739 537 2812; x_wconf 89' lang='grc' dir='ltr'><strong>ἀπεδίδους,</strong></span> <span class='ocrx_word' id='word_1_178' title='bbox 553 2739 593 2800; x_wconf 87' lang='grc'><strong>29</strong></span> <span class='ocrx_word' id='word_1_179' title='bbox 609 2747 752 2800; x_wconf 86' lang='grc' dir='ltr'><strong>τοσοῦτο</strong></span> <span class='ocrx_word' id='word_1_180' title='bbox 768 2761 816 2823; x_wconf 86' lang='grc' dir='ltr'><strong>χρ.</strong></span> <span class='ocrx_word' id='word_1_181' title='bbox 829 2735 1045 2813; x_wconf 87' lang='grc' dir='ltr'><strong>ἀποδιδόντα,</strong></span> <span class='ocrx_word' id='word_1_182' title='bbox 1060 2738 1101 2800; x_wconf 91' lang='grc'><strong>30</strong></span> <span class='ocrx_word' id='word_1_183' title='bbox 1116 2737 1293 2798; x_wconf 83' lang='grc' dir='ltr'><strong>ἀποδιδῶσι</strong></span> <span class='ocrx_word' id='word_1_184' title='bbox 1353 2765 1357 2774; x_wconf 89' lang='grc'>·</span> 
     </span>
     <span class='ocr_line' id='line_1_24' title="bbox 193 2833 1294 2922; baseline 0 -24"><span class='ocrx_word' id='word_1_185' title='bbox 193 2873 232 2880; x_wconf 90' lang='lat'><strong>—-</strong></span> <span class='ocrx_word' id='word_1_186' title='bbox 245 2836 450 2910; x_wconf 90' lang='grc' dir='ltr'><strong>ἀποδιδόντι,</strong></span> <span class='ocrx_word' id='word_1_187' title='bbox 473 2839 510 2900; x_wconf 88' lang='grc'><strong>31</strong></span> <span class='ocrx_word' id='word_1_188' title='bbox 536 2835 707 2910; x_wconf 81' lang='grc' dir='ltr'><strong>ἀπεδίδους</strong></span> <span class='ocrx_word' id='word_1_189' title='bbox 718 2873 761 2884; x_wconf 90' lang='lat'>-</span> <span class='ocrx_word' id='word_1_190' title='bbox 773 2837 949 2912; x_wconf 79' lang='grc' dir='ltr'><strong>ἀποδιδούς</strong></span> <span class='ocrx_word' id='word_1_191' title='bbox 960 2833 1038 2918; x_wconf 79' lang='grc' dir='ltr'><strong>-ᾤ</strong></span> <span class='ocrx_word' id='word_1_192' title='bbox 1059 2837 1099 2898; x_wconf 84' lang='grc' dir='ltr'><strong>τὸ</strong></span> <span class='ocrx_word' id='word_1_193' title='bbox 1110 2860 1112 2864; x_wconf 81' lang='grc'><strong>’</strong></span> <span class='ocrx_word' id='word_1_194' title='bbox 1120 2862 1169 2922; x_wconf 91' lang='grc' dir='ltr'><strong>χρ.</strong></span> <span class='ocrx_word' id='word_1_195' title='bbox 1186 2837 1294 2898; x_wconf 91' lang='grc' dir='ltr'><strong>ἀπεδί-</strong></span> 
     </span>
     <span class='ocr_line' id='line_1_25' title="bbox 192 2937 1293 3023; baseline -0.002 -25"><span class='ocrx_word' id='word_1_196' title='bbox 192 2939 276 3011; x_wconf 82' lang='grc' dir='ltr'><strong>δους,</strong></span> <span class='ocrx_word' id='word_1_197' title='bbox 299 2938 339 3000; x_wconf 87' lang='grc'><strong>32</strong></span> <span class='ocrx_word' id='word_1_198' title='bbox 368 2939 551 3001; x_wconf 77' lang='grc' dir='ltr'><strong>ἀποδοῦναι</strong></span> <span class='ocrx_word' id='word_1_199' title='bbox 577 2938 618 2998; x_wconf 87' lang='grc' dir='ltr'><strong>τὸ</strong></span> <span class='ocrx_word' id='word_1_200' title='bbox 644 2937 824 3022; x_wconf 68' lang='grc' dir='ltr'><strong>χρ-φςίς</strong></span> <span class='ocrx_word' id='word_1_201' title='bbox 852 2938 968 3001; x_wconf 80' lang='grc' dir='ltr'><strong>δοῦναι</strong></span> <span class='ocrx_word' id='word_1_202' title='bbox 994 2941 1033 2998; x_wconf 87' lang='grc' dir='ltr'><strong>τὸ</strong></span> <span class='ocrx_word' id='word_1_203' title='bbox 1061 2962 1121 3023; x_wconf 78' lang='grc' dir='ltr'><strong>χρ,</strong></span> <span class='ocrx_word' id='word_1_204' title='bbox 1144 2938 1183 3000; x_wconf 91' lang='grc'><strong>33</strong></span> <span class='ocrx_word' id='word_1_205' title='bbox 1213 2938 1293 2997; x_wconf 88' lang='grc' dir='ltr'><strong>ἀπο-</strong></span> 
     </span>
     <span class='ocr_line' id='line_1_26' title="bbox 191 3036 1292 3122; baseline 0.003 -26"><span class='ocrx_word' id='word_1_206' title='bbox 191 3039 306 3099; x_wconf 82' lang='grc' dir='ltr'><strong>δοῦναι</strong></span> <span class='ocrx_word' id='word_1_207' title='bbox 327 3038 371 3098; x_wconf 84' lang='grc' dir='ltr'><strong>τὰ</strong></span> <span class='ocrx_word' id='word_1_208' title='bbox 387 3038 588 3122; x_wconf 82' lang='grc' dir='ltr'><strong>χρήματα-</strong></span> <span class='ocrx_word' id='word_1_209' title='bbox 601 3038 640 3099; x_wconf 85' lang='grc' dir='ltr'><strong>τὸ</strong></span> <span class='ocrx_word' id='word_1_210' title='bbox 663 3063 710 3122; x_wconf 93' lang='grc' dir='ltr'><strong>χρ.</strong></span> <span class='ocrx_word' id='word_1_211' title='bbox 728 3039 922 3110; x_wconf 79' lang='grc' dir='ltr'><strong>ἀποδοῦναι,</strong></span> <span class='ocrx_word' id='word_1_212' title='bbox 945 3038 986 3100; x_wconf 87' lang='grc'><strong>34</strong></span> <span class='ocrx_word' id='word_1_213' title='bbox 1000 3036 1054 3099; x_wconf 90' lang='grc' dir='ltr'><strong>καί</strong></span> <span class='ocrx_word' id='word_1_214' title='bbox 1070 3049 1167 3117; x_wconf 78' lang='grc' dir='ltr'><strong>φησιν</strong></span> <span class='ocrx_word' id='word_1_215' title='bbox 1190 3038 1292 3120; x_wconf 80' lang='grc' dir='ltr'><strong>ἐκείνῳ</strong></span> 
     </span>
     <span class='ocr_line' id='line_1_27' title="bbox 190 3127 1292 3223; baseline -0.004 -25"><span class='ocrx_word' id='word_1_216' title='bbox 190 3139 229 3198; x_wconf 86' lang='grc' dir='ltr'><strong>τὸ</strong></span> <span class='ocrx_word' id='word_1_217' title='bbox 248 3163 296 3223; x_wconf 88' lang='grc' dir='ltr'><strong>χρ.</strong></span> <span class='ocrx_word' id='word_1_218' title='bbox 314 3135 560 3212; x_wconf 88' lang='grc' dir='ltr'><strong>ἀποδεδωκέναι,</strong></span> <span class='ocrx_word' id='word_1_219' title='bbox 577 3140 615 3200; x_wconf 87' lang='grc'><strong>41</strong></span> <span class='ocrx_word' id='word_1_220' title='bbox 633 3136 811 3221; x_wconf 82' lang='grc' dir='ltr'><strong>τριάκοντα</strong></span> <span class='ocrx_word' id='word_1_221' title='bbox 826 3145 900 3219; x_wconf 77' lang='grc' dir='ltr'><strong>μνᾶς</strong></span> <span class='ocrx_word' id='word_1_222' title='bbox 923 3139 978 3199; x_wconf 86' lang='grc' dir='ltr'><strong>καὶ</strong></span> <span class='ocrx_word' id='word_1_223' title='bbox 998 3135 1086 3199; x_wconf 81' lang='grc' dir='ltr'><strong>ἐννέα</strong></span> <span class='ocrx_word' id='word_1_224' title='bbox 1108 3127 1292 3200; x_wconf 82' lang='grc' dir='ltr'><strong>ἀποδοῦναι</strong></span> 
     </span>
     <span class='ocr_line' id='line_1_28' title="bbox 192 3235 1293 3322; baseline -0.003 -24"><span class='ocrx_word' id='word_1_225' title='bbox 192 3274 232 3282; x_wconf 90' lang='grc'>-</span> <span class='ocrx_word' id='word_1_226' title='bbox 249 3235 304 3298; x_wconf 85' lang='grc' dir='ltr'><strong>ὅτε</strong></span> <span class='ocrx_word' id='word_1_227' title='bbox 326 3235 510 3299; x_wconf 83' lang='grc' dir='ltr'><strong>ἀποδοῦναί</strong></span> <span class='ocrx_word' id='word_1_228' title='bbox 538 3251 618 3318; x_wconf 73' lang='grc' dir='ltr'><strong>φησι</strong></span> <span class='ocrx_word' id='word_1_229' title='bbox 645 3239 685 3299; x_wconf 88' lang='grc' dir='ltr'><strong>τὸ</strong></span> <span class='ocrx_word' id='word_1_230' title='bbox 714 3261 775 3322; x_wconf 81' lang='grc' dir='ltr'><strong>χρ,</strong></span> <span class='ocrx_word' id='word_1_231' title='bbox 797 3238 838 3300; x_wconf 86' lang='grc'><strong>46</strong></span> <span class='ocrx_word' id='word_1_232' title='bbox 866 3245 928 3298; x_wconf 81' lang='grc' dir='ltr'><strong>τοῦ</strong></span> <span class='ocrx_word' id='word_1_233' title='bbox 950 3237 978 3296; x_wconf 85' lang='grc' dir='ltr'><strong>δ’</strong></span> <span class='ocrx_word' id='word_1_234' title='bbox 1002 3237 1293 3300; x_wconf 85' lang='grc' dir='ltr'><strong>ἀποδεδωκέναι-</strong></span> 
     </span>
     <span class='ocr_line' id='line_1_29' title="bbox 191 3336 1292 3418; baseline 0 -17"><span class='ocrx_word' id='word_1_235' title='bbox 191 3339 250 3412; x_wconf 75' lang='grc' dir='ltr'><strong>τὴν</strong></span> <span class='ocrx_word' id='word_1_236' title='bbox 278 3337 450 3410; x_wconf 88' lang='grc' dir='ltr'><strong>ἀπόδοσιν,</strong></span> <span class='ocrx_word' id='word_1_237' title='bbox 472 3338 512 3400; x_wconf 77' lang='grc'><strong>47</strong></span> <span class='ocrx_word' id='word_1_238' title='bbox 542 3339 728 3418; x_wconf 84' lang='grc' dir='ltr'><strong>φάσκοντος</strong></span> <span class='ocrx_word' id='word_1_239' title='bbox 758 3338 785 3397; x_wconf 88' lang='grc' dir='ltr'><strong>δ’</strong></span> <span class='ocrx_word' id='word_1_240' title='bbox 809 3336 1110 3412; x_wconf 82' lang='grc' dir='ltr'><strong>ἀποδεδωκέναι,-</strong></span> <span class='ocrx_word' id='word_1_241' title='bbox 1131 3336 1169 3401; x_wconf 85' lang='lat' dir='ltr'><strong>cf.</strong></span> <span class='ocrx_word' id='word_1_242' title='bbox 1197 3336 1292 3400; x_wconf 80' lang='lat' dir='ltr'>etiam</span> 
     </span>
     <span class='ocr_line' id='line_1_30' title="bbox 191 3435 1292 3519; baseline -0.003 -18"><span class='ocrx_word' id='word_1_243' title='bbox 191 3437 236 3519; x_wconf 64' lang='grc' dir='ltr'><strong>ἓξ.</strong></span> <span class='ocrx_word' id='word_1_244' title='bbox 258 3440 277 3501; x_wconf 89' lang='grc'>8</span> <span class='ocrx_word' id='word_1_245' title='bbox 299 3437 359 3512; x_wconf 83' lang='grc' dir='ltr'><strong>τὰς</strong></span> <span class='ocrx_word' id='word_1_246' title='bbox 375 3439 549 3510; x_wconf 84' lang='grc' dir='ltr'><strong>ἐπιστολὰς</strong></span> <span class='ocrx_word' id='word_1_247' title='bbox 572 3439 629 3498; x_wconf 80' lang='grc' dir='ltr'><strong>οὐκ</strong></span> <span class='ocrx_word' id='word_1_248' title='bbox 652 3438 864 3511; x_wconf 90' lang='grc' dir='ltr'><strong>ἀποδίδωσιν,</strong></span> <span class='ocrx_word' id='word_1_249' title='bbox 880 3437 920 3499; x_wconf 88' lang='grc'><strong>28</strong></span> <span class='ocrx_word' id='word_1_250' title='bbox 937 3435 1010 3498; x_wconf 79' lang='grc' dir='ltr'><strong>οὐδὲ</strong></span> <span class='ocrx_word' id='word_1_251' title='bbox 1031 3436 1093 3512; x_wconf 88' lang='grc' dir='ltr'><strong>τὰς</strong></span> <span class='ocrx_word' id='word_1_252' title='bbox 1115 3437 1292 3512; x_wconf 80' lang='grc' dir='ltr'><strong>ἐπιστολὰς</strong></span> 
     </span>
     <span class='ocr_line' id='line_1_31' title="bbox 191 3531 1291 3623; baseline 0 -23"><span class='ocrx_word' id='word_1_253' title='bbox 191 3537 355 3612; x_wconf 85' lang='grc' dir='ltr'><strong>ἀπέδωκας</strong></span> <span class='ocrx_word' id='word_1_254' title='bbox 379 3539 501 3612; x_wconf 80' lang='grc' dir='ltr'><strong>αὐτοῖς,</strong></span> <span class='ocrx_word' id='word_1_255' title='bbox 525 3537 564 3600; x_wconf 86' lang='grc'><strong>29</strong></span> <span class='ocrx_word' id='word_1_256' title='bbox 581 3531 673 3610; x_wconf 85' lang='grc' dir='ltr'><strong>ὅστις</strong></span> <span class='ocrx_word' id='word_1_257' title='bbox 696 3536 876 3623; x_wconf 84' lang='grc' dir='ltr'><strong>γράμματα</strong></span> <span class='ocrx_word' id='word_1_258' title='bbox 897 3536 1003 3617; x_wconf 84' lang='grc' dir='ltr'><strong>λαβών</strong></span> <span class='ocrx_word' id='word_1_259' title='bbox 1018 3537 1057 3616; x_wconf 73' lang='grc' dir='ltr'><strong>μὴ</strong></span> <span class='ocrx_word' id='word_1_260' title='bbox 1081 3535 1291 3613; x_wconf 84' lang='grc' dir='ltr'><strong>ἀποδέδωκεν,</strong></span> 
     </span>
     <span class='ocr_line' id='line_1_32' title="bbox 136 3638 840 3730; baseline -0.011 -29"><span class='ocrx_word' id='word_1_261' title='bbox 136 3715 145 3730; x_wconf 33' lang='grc'><strong>0</strong></span> <span class='ocrx_word' id='word_1_262' title='bbox 191 3639 231 3700; x_wconf 90' lang='grc'><strong>32</strong></span> <span class='ocrx_word' id='word_1_263' title='bbox 253 3639 314 3711; x_wconf 85' lang='grc' dir='ltr'><strong>τὰς</strong></span> <span class='ocrx_word' id='word_1_264' title='bbox 336 3638 512 3712; x_wconf 81' lang='grc' dir='ltr'><strong>ἐπιστολὰς</strong></span> <span class='ocrx_word' id='word_1_265' title='bbox 535 3639 730 3700; x_wconf 83' lang='grc' dir='ltr'><strong>ἀποδοῦναι.</strong></span> <span class='ocrx_word' id='word_1_266' title='bbox 837 3691 840 3700; x_wconf 78' lang='grc'><strong>,</strong></span> 
     </span>
    </p>

    <p class='ocr_par' dir='ltr' id='par_1_8' title="bbox 191 3735 1292 3922">
     <span class='ocr_line' id='line_1_33' title="bbox 274 3735 1292 3822; baseline 0 -22"><span class='ocrx_word' id='word_1_267' title='bbox 274 3735 318 3817; x_wconf 76' lang='lat'><strong>§§.</strong></span> <span class='ocrx_word' id='word_1_268' title='bbox 341 3739 360 3800; x_wconf 89' lang='lat'><strong>6</strong></span> <span class='ocrx_word' id='word_1_269' title='bbox 379 3737 560 3811; x_wconf 84' lang='grc' dir='ltr'><strong>κελευούσης</strong></span> <span class='ocrx_word' id='word_1_270' title='bbox 576 3737 610 3799; x_wconf 79' lang='grc' dir='ltr'><strong>δέ</strong></span> <span class='ocrx_word' id='word_1_271' title='bbox 623 3745 678 3810; x_wconf 81' lang='grc' dir='ltr'><strong>τῆς</strong></span> <span class='ocrx_word' id='word_1_272' title='bbox 694 3744 882 3822; x_wconf 73' lang='grc' dir='ltr'><strong>συγγραφῆς</strong></span> <span class='ocrx_word' id='word_1_273' title='bbox 905 3736 1059 3799; x_wconf 80' lang='grc' dir='ltr'><strong>ἐνθέσθαι</strong></span> <span class='ocrx_word' id='word_1_274' title='bbox 1075 3739 1116 3812; x_wconf 82' lang='grc' dir='ltr'><strong>εἰς</strong></span> <span class='ocrx_word' id='word_1_275' title='bbox 1131 3740 1190 3811; x_wconf 79' lang='grc' dir='ltr'><strong>τὴν</strong></span> <span class='ocrx_word' id='word_1_276' title='bbox 1212 3745 1292 3800; x_wconf 79' lang='grc' dir='ltr'><strong>ναῦν</strong></span> 
     </span>
     <span class='ocr_line' id='line_1_34' title="bbox 191 3831 1291 3922; baseline -0.001 -25"><span class='ocrx_word' id='word_1_277' title='bbox 191 3840 323 3922; x_wconf 79' lang='grc' dir='ltr'><strong>φορτία,</strong></span> <span class='ocrx_word' id='word_1_278' title='bbox 345 3839 362 3900; x_wconf 89' lang='lat' dir='ltr'>I</span> <span class='ocrx_word' id='word_1_279' title='bbox 386 3831 462 3898; x_wconf 81' lang='grc' dir='ltr'><strong>ου’-’τε</strong></span> <span class='ocrx_word' id='word_1_280' title='bbox 483 3840 528 3896; x_wconf 91' lang='grc' dir='ltr'><strong>τά</strong></span> <span class='ocrx_word' id='word_1_281' title='bbox 556 3837 690 3922; x_wconf 79' lang='grc' dir='ltr'><strong>χρήματ’</strong></span> <span class='ocrx_word' id='word_1_282' title='bbox 714 3834 831 3898; x_wconf 79' lang='grc' dir='ltr'><strong>ἐνέθετ’</strong></span> <span class='ocrx_word' id='word_1_283' title='bbox 855 3837 897 3912; x_wconf 83' lang='grc' dir='ltr'><strong>εἰς</strong></span> <span class='ocrx_word' id='word_1_284' title='bbox 918 3860 949 3896; x_wconf 88' lang='grc' dir='ltr'><strong>τ.</strong></span> <span class='ocrx_word' id='word_1_285' title='bbox 972 3861 999 3899; x_wconf 92' lang='grc' dir='ltr'><strong>ν.</strong></span> <span class='ocrx_word' id='word_1_286' title='bbox 1028 3835 1215 3911; x_wconf 76' lang='grc' dir='ltr'><strong>κελευούσης</strong></span> <span class='ocrx_word' id='word_1_287' title='bbox 1236 3844 1291 3912; x_wconf 75' lang='grc' dir='ltr'><strong>τῆς</strong></span> 
     </span>
    </p>
   </div>
   <div class='ocr_carea' id='block_1_5' title="bbox 189 4011 1292 4248">
    <p class='ocr_par' dir='ltr' id='par_1_9' title="bbox 189 4011 1292 4248">
     <span class='ocr_line' id='line_1_35' title="bbox 275 4011 1292 4080; baseline -0.002 -15"><span class='ocrx_word' id='word_1_288' title='bbox 275 4011 295 4076; x_wconf 85' lang='lat'><strong>¹)</strong></span> <span class='ocrx_word' id='word_1_289' title='bbox 321 4015 355 4066; x_wconf 83' lang='lat' dir='ltr'><strong>cs.</strong></span> <span class='ocrx_word' id='word_1_290' title='bbox 382 4014 415 4066; x_wconf 90' lang='lat' dir='ltr'>de</span> <span class='ocrx_word' id='word_1_291' title='bbox 441 4013 492 4064; x_wconf 82' lang='lat' dir='ltr'><strong>hoc</strong></span> <span class='ocrx_word' id='word_1_292' title='bbox 516 4017 591 4080; x_wconf 85' lang='lat' dir='ltr'>perte</span> <span class='ocrx_word' id='word_1_293' title='bbox 616 4013 808 4065; x_wconf 77' lang='lat' dir='ltr'>dissertationis</span> <span class='ocrx_word' id='word_1_294' title='bbox 834 4030 909 4065; x_wconf 84' lang='lat' dir='ltr'>meae</span> <span class='ocrx_word' id='word_1_295' title='bbox 933 4013 961 4064; x_wconf 92' lang='lat' dir='ltr'><strong>P.</strong></span> <span class='ocrx_word' id='word_1_296' title='bbox 986 4013 1061 4064; x_wconf 89' lang='lat' dir='ltr'>Uhlii</span> <span class='ocrx_word' id='word_1_297' title='bbox 1085 4013 1118 4064; x_wconf 90' lang='lat' dir='ltr'>de</span> <span class='ocrx_word' id='word_1_298' title='bbox 1142 4011 1292 4064; x_wconf 79' lang='lat' dir='ltr'>orationum</span> 
     </span>
     <span class='ocr_line' id='line_1_36' title="bbox 190 4095 1291 4164; baseline 0 -18"><span class='ocrx_word' id='word_1_299' title='bbox 190 4095 363 4148; x_wconf 86' lang='lat' dir='ltr'>Demostheni</span> <span class='ocrx_word' id='word_1_300' title='bbox 397 4097 465 4148; x_wconf 81' lang='lat' dir='ltr'>falso</span> <span class='ocrx_word' id='word_1_301' title='bbox 500 4097 667 4149; x_wconf 80' lang='lat' dir='ltr'>addictarum</span> <span class='ocrx_word' id='word_1_302' title='bbox 704 4097 877 4164; x_wconf 81' lang='lat' dir='ltr'>scriptoribus</span> <span class='ocrx_word' id='word_1_303' title='bbox 912 4097 1097 4163; x_wconf 81' lang='lat' dir='ltr'>quaestionum</span> <span class='ocrx_word' id='word_1_304' title='bbox 1131 4095 1291 4162; x_wconf 83' lang='lat' dir='ltr'>porticulum</span> 
     </span>
     <span class='ocr_line' id='line_1_37' title="bbox 189 4178 1291 4248; baseline -0.001 -18"><span class='ocrx_word' id='word_1_305' title='bbox 189 4180 310 4245; x_wconf 81' lang='lat' dir='ltr'>alterum,</span> <span class='ocrx_word' id='word_1_306' title='bbox 322 4179 349 4231; x_wconf 92' lang='lat' dir='ltr'><strong>in</strong></span> <span class='ocrx_word' id='word_1_307' title='bbox 363 4196 416 4246; x_wconf 85' lang='lat' dir='ltr'>que</span> <span class='ocrx_word' id='word_1_308' title='bbox 428 4180 517 4248; x_wconf 81' lang='lat' dir='ltr'>agitur</span> <span class='ocrx_word' id='word_1_309' title='bbox 529 4179 561 4232; x_wconf 93' lang='lat' dir='ltr'>de</span> <span class='ocrx_word' id='word_1_310' title='bbox 574 4179 724 4232; x_wconf 86' lang='lat' dir='ltr'>orationum</span> <span class='ocrx_word' id='word_1_311' title='bbox 737 4179 868 4231; x_wconf 86' lang='lat' dir='ltr'>XXXIII.</span> <span class='ocrx_word' id='word_1_312' title='bbox 878 4178 1024 4232; x_wconf 88' lang='lat' dir='ltr'>XXXIIII.</span> <span class='ocrx_word' id='word_1_313' title='bbox 1036 4179 1107 4232; x_wconf 82' lang='grc' dir='ltr'><strong>ΙΝΙ.</strong></span> <span class='ocrx_word' id='word_1_314' title='bbox 1119 4179 1291 4246; x_wconf 83' lang='lat' dir='ltr'>scriptoribus</span> 
     </span>
    </p>
   </div>
   <div class='ocr_carea' id='block_1_6' title="bbox 189 4259 620 4333">
    <p class='ocr_par' dir='ltr' id='par_1_10' title="bbox 189 4259 620 4333">
     <span class='ocr_line' id='line_1_38' title="bbox 189 4259 620 4333; baseline 0.002 -19"><span class='ocrx_word' id='word_1_315' title='bbox 189 4261 307 4331; x_wconf 76' lang='lat' dir='ltr'>(Lipsiae</span> <span class='ocrx_word' id='word_1_316' title='bbox 326 4259 411 4329; x_wconf 86' lang='grc'><strong>1886),</strong></span> <span class='ocrx_word' id='word_1_317' title='bbox 429 4280 490 4333; x_wconf 78' lang='lat' dir='ltr'>pag.</span> <span class='ocrx_word' id='word_1_318' title='bbox 508 4261 524 4315; x_wconf 89' lang='grc'>9</span> <span class='ocrx_word' id='word_1_319' title='bbox 541 4280 620 4332; x_wconf 82' lang='lat' dir='ltr'>prxx.</span> 
     </span>
    </p>
   </div>
   <div class='ocr_carea' id='block_1_7' title="bbox 0 0 1586 4932">
    <p class='ocr_par' dir='ltr' id='par_1_11' title="bbox 0 0 1586 4932">
     <span class='ocr_line' id='line_1_39' title="bbox 0 0 1586 4932; baseline 0 2"><span class='ocrx_word' id='word_1_320' title='bbox 0 0 1586 4932; x_wconf 95' lang='lat' dir='ltr'><strong> </strong></span> 
     </span>
    </p>
   </div>
  </div>
 </body>
</html>
