3164 4932
633 297 636 307 i

199 567 324 633 diuersa
353 589 422 632 esse
452 566 493 648 ab
520 565 661 658 oratione
691 571 800 628 contra
822 563 1043 627 Phormionem
1074 562 1184 626 habita
1211 583 1303 626 nemo

198 677 244 734 est
266 669 342 751 quin
364 667 481 732 uideat.
955 669 959 678 '

282 769 405 845 Quibus
426 768 520 832 rebus
542 761 746 831 consideratis
768 787 829 830 non
847 766 1020 844 miraberis,
1042 765 1124 850 quod
1148 765 1203 829 alii
1225 765 1303 827 alias

196 873 267 936 uias
288 869 423 953 ingressi
445 875 517 940 sunt
531 869 590 932 uiri
606 867 703 931 critici
718 866 758 930 ad
781 867 862 931 hanc
878 866 1095 951 quaestionem
1111 865 1305 944 soluendam,

196 973 259 1037 rati
280 970 454 1034 orationem
476 989 571 1051 quam
601 989 683 1031 nunc
704 968 839 1051 legimus
867 989 929 1031 non
952 954 1020 1031 csse
1042 968 1165 1031 saluam
1187 967 1304 1030 incolu-

197 1091 354 1154 memque,
392 1070 447 1134 sed
482 1077 537 1133 aut
574 1090 642 1134 esse
675 1074 880 1132 retractatam
913 1075 1010 1152 atque
1047 1074 1218 1132 correctam
1250 1075 1305 1130 aut

198 1173 420 1257 interpolatam
456 1193 475 1234 a
507 1170 612 1234 nescio
646 1188 716 1251 quo.
770 1168 818 1231 Ac
851 1168 889 1232 R.
920 1168 1109 1232 Dunckerus
1122 1169 1145 1247 ¹)
1184 1168 1304 1246 ,locum

201 1271 228 1352 ἓ.
250 1269 433 1351 22-§.33,
454 1271 641 1356 principium
657 1269 742 1358 ,illud
763 1270 902 1334 omnium
931 1270 997 1332 fere
1020 1268 1241 1332 difficultatum
1268 1289 1304 1330 ac

199 1373 327 1453 fontem,
351 1371 547 1435 exoratione
570 1378 604 1434 ut
626 1371 730 1435 aliena
745 1393 841 1435 manu
857 1371 1064 1456 compositum
1078 1368 1304 1433 remouendum

198 1472 285 1537 esse“
310 1495 352 1536 ex
373 1473 531 1536 nonnullis
559 1471 708 1556 loquendi
734 1471 864 1535 rationis
892 1470 1049 1542 concludit
1077 1469 1305 1553 discrepantiiS,

199 1595 278 1658 quas
296 1575 379 1637 inter
397 1573 482 1636 hunc
501 1574 605 1637 locum
625 1579 656 1635 et
671 1571 825 1656 reliquam
848 1573 1021 1636 orationem
1044 1572 1153 1635 statuit
1175 1591 1253 1647 esse,
1274 1577 1306 1633 et

202 1696 242 1739 ex
264 1696 311 1756 co,
335 1673 569 1756 quod1,multa
597 1695 713 1753 eorum,
741 1693 823 1757 quae
852 1673 902 1736 hic
922 1673 1017 1748 ¹locus
1039 1672 1145 1750 habet,
1173 1671 1214 1734 ab
1236 1671 1305 1734 aliis

200 1775 293 1839 huius
321 1774 471 1838 orationis
500 1774 576 1838 locis
604 1774 703 1859 petita
732 1772 833 1837 sunt“.
875 1773 1038 1837 Audacius
1066 1772 1150 1835 istud
1177 1771 1305 1856 quidem

199 1876 285 1940 haud
300 1875 397 1940 dubie
412 1895 507 1959 quam
529 1874 653 1938 rectius.
685 1874 757 1938 Non
772 1874 874 1938 dicam
890 1874 949 1939 hoc
970 1876 1046 1954 loco,
1068 1894 1164 1957 quam
1179 1872 1306 1935 illarum

199 1975 482 2060 discrepantiarum
505 1975 553 2038 uis
574 1995 637 2038 non
662 1975 860 2039 mediocriter
881 1974 995 2038 idcirco
1018 1974 1058 2037 sit
1079 1971 1305 2058 impugnanda,

202 2077 285 2162 quod
307 2077 339 2139 in
360 2077 454 2159 longe
469 2075 612 2160 plurimis
628 2075 822 2139 orationibus
844 2076 1076 2158 argumentatio
1099 2075 1169 2160 plus
1188 2067 1312 2137 habeat¹
1343 2113 1358 2120 1-

205 2182 333 2240 ornatus
348 2177 473 2241 oratorii
488 2197 584 2260 quarn
598 2175 739 2260 reliquae
754 2177 903 2241 orationis
918 2183 1040 2263 partes3
1055 2175 1305 2261 praetermittam

205 2276 283 2340 illud
298 2276 400 2355 etiarn,
412 2276 452 2340 de
468 2298 530 2361 quo
552 2276 635 2339 infra
657 2277 835 2350 accuratius
857 2279 977 2359 loquar,
1000 2277 1125 2339 omnino
1144 2274 1306 2338 abundare

201 2377 374 2441 orationem
411 2384 550 2440 nostram
586 2377 838 2463 repetitionibus:
879 2379 937 2468 hcc
979 2399 1096 2462 quaero
1134 2376 1329 2449 offensione·

201 2499 305 2541 nonne
337 2478 376 2541 sit
409 2478 635 2562 dignissimum,
668 2478 751 2563 quod
785 2501 847 2543 non
878 2478 1003 2542 dubitat
1034 2479 1083 2542 uir
1115 2478 1168 2542 ille
1197 2476 1306 2541 doctus

201 2584 314 2662 putare
335 2577 494 2642 rhetorem
509 2580 562 2642 uel
576 2579 817 2662 grammaticum
833 2578 971 2663 aliquem
987 2585 1052 2642 tam
1074 2599 1143 2642 esse
1159 2598 1306 2660 sagacem

205 2679 422 2762 subtilemque,
442 2686 478 2742 ut
507 2680 654 2742 lacunam
682 2679 763 2742 inter
789 2678 814 2758 ἕ.
837 2682 873 2741 21
907 2681 949 2742 ‘lv'
972 2680 1072 2752 αὐτὸς
1101 2679 1140 2758 μὴ
1168 2679 1306 2762 ἐπιορκή-

203 2803 283 2842 σειεν
306 2786 339 2843 et
353 2778 380 2859 ἓ.
397 2782 436 2843 33
460 2780 538 2858 λέγει
559 2779 750 2854 δ’ὡςίιθνῢα
773 2802 842 2844 esse
864 2786 967 2845 ortam
990 2801 1030 2844 ex
1052 2781 1120 2843 loco
1135 2777 1306 2861 posteriore

202 2879 379 2961 concludat,
402 2886 530 2964 tamque
553 2880 701 2964 cupidum
722 2881 907 2944 remouendi
929 2879 1306 2959 orationis'difficultates,

201 2986 235 3043 ut
257 2981 387 3062 expleat
408 2982 556 3044 lacunam
578 2989 610 3044 et
631 2981 730 3044 uerba
753 2981 909 3063 quaedam
926 3002 1165 3067 superuacanea
1180 2979 1307 3060 adiciat,

201 3101 259 3143 nec
274 3087 381 3144 tamen
396 3103 504 3145 secum
520 3089 678 3168 reputare,
701 3102 796 3164 quam
819 3082 916 3146 faciat
936 3084 1044 3171 inepte
1067 3087 1163 3165 atque
1184 3081 1306 3160 inscite,

201 3181 286 3266 quod
316 3183 415 3246 uerba
449 3185 622 3247 orationem
657 3185 837 3269 supplentia
877 3178 1029 3269 plelaque
1065 3182 1118 3245 alii
1155 3181 1308 3244 attribuat

196 3289 299 3366 'atque
328 3282 505 3368 Chrysippo
534 3291 608 3347 ante
637 3305 675 3347 ea
708 3291 740 3348 et
772 3291 843 3370 post
875 3305 914 3347 ea
947 3284 1072 3347 dicenti.
1116 3283 1186 3356 Qua
1213 3283 1245 3345 in
1274 3303 1307 3344 re

201 3387 308 3445 utrum
324 3384 424 3463 magis
443 3385 483 3446 sit
500 3385 745 3469 uituperandnm
760 3385 879 3467 ignoro,
897 3384 981 3469 quod
996 3384 1166 3447 demandet
1181 3383 1307 3447 omnino

202 3481 310 3545 rhetor
332 3483 385 3547 ille
407 3483 507 3548 uerba
529 3485 593 3564 alii,
624 3505 664 3547 an
688 3485 770 3568 quod
793 3504 996 3569 nequaquam
1019 3485 1078 3548 sibi
1100 3490 1230 3564 constet,
1254 3481 1307 3546 sed

203 3582 297 3646 modo
319 3583 402 3647 hunc
423 3585 515 3648 modo
539 3585 751 3670 Chrysippum
780 3586 875 3649 faciat
904 3585 1067 3648 dicentem.
1111 3583 1203 3646 Adde
1225 3583 1307 3665 quod

203 3684 393 3746 sententiam
421 3706 511 3747 suam
540 3685 728 3748 Dunckerus
756 3687 815 3754 nisi
845 3686 1025 3750 coniciendc
1047 3723 1086 3730 —
1110 3684 1308 3748 scribendum

204 3783 289 3846 enim
317 3790 409 3869 putat
432 3807 500 3848 esse
528 3787 560 3848 in
589 3784 616 3866 ξ.
639 3787 680 3848 20
711 3788 865 3872 εἰρηκέναι
893 3797 1004 3848 ταῦτα
1034 3787 1112 3872 πρὸς
1140 3787 1308 3856 τούτοις
1393 3779 1396 3786 ’

203 3905 261 3966 pro
280 3893 402 3947 τοῦτον
418 3922 460 3932 -
476 3886 629 3949 sustinere
647 3907 709 3949 non
729 3893 840 3971 potest.
860 3925 899 3932 —
920 3887 1077 3972 Sequitur,
1093 3892 1128 3949 ut
1144 3885 1319 3948 audiamus

291 4118 311 4181 ¹)
329 4119 389 4170 diss.
409 4136 433 4185 q.
452 4121 468 4171 i.
493 4120 576 4185 ,inter
594 4120 760 4188 priuatarum
779 4136 920 4174 causarum
939 4121 1071 4173 orationes
1088 4120 1309 4172 Demosthenicas

191 4227 275 4278 ¹quae
302 4228 351 4278 pro
377 4212 500 4279 genuinis
527 4211 667 4264 habendae
693 4213 746 4264 sint
773 4229 896 4280 quaeque
923 4231 970 4280 pro
998 4208 1097 4276 falsis“,
1123 4211 1309 4280 Greillenherg

205 4299 373 4364 (Pommsrnl
392 4300 465 4365 1877,
483 4321 545 4370 pag.
564 4301 595 4354 12
612 4320 689 4371 prxx.

1144 4404 1160 4455 2
