3164 4932
614 403 822 462 fflggffi

167 587 225 672 ἐγὼ
251 587 294 661 δι’,
321 587 360 649 al.
403 584 592 669 Saepissime
621 605 692 647 oum
725 583 1038 668 enthymematis
1066 583 1265 649 coniunctum

168 693 215 751 est
242 684 427 768 antitheton,
456 684 494 747 of.
516 682 561 764 ἕξ.
583 685 622 746 26
652 687 706 748 καὶ
733 696 802 756 τοῖς
832 684 885 760 μὲν
902 707 950 728 —-·
969 683 1077 767 τούτῳ
1098 685 1130 746 δέ
1145 712 1200 757 -;
1224 687 1262 748 27

166 786 325 860 κάκείνους
346 784 462 867 μὲν-·
479 785 602 845 τούτου
624 783 723 856 ‹ii-5
746 782 820 847 ibid.
842 784 894 844 noti
916 791 975 847 νῦν
998 784 1052 865 μὲν
1070 809 1119 830 -·
1138 787 1170 847 ἐν
1185 789 1266 846 Βοσ·

166 887 252 972 πόρῳ
270 885 302 948 δέ
314 913 368 958 -3
385 887 425 950 28
441 887 495 946 καὶ
510 885 610 964 οἱμὲν
626 882 722 946 ἄλλοι
737 885 857 958 πάντες
869 909 918 928 -·
936 886 977 946 σύ
990 885 1022 946 δέ
1038 912 1091 956 -—;
1109 888 1148 948 43
1164 887 1266 948 δεινὸν

166 987 226 1072 γὰρ
250 979 289 1048 ἂν
309 985 367 1072 εἴη,
383 989 408 1050 εἰ
431 987 485 1066 μὲν
498 1023 547 1058 -,
565 986 648 1048 εἶναί
663 1009 716 1064 μοι
731 987 812 1059 κτλ,
830 986 935 1058 ἐπειδὴ
958 986 991 1047 δὲ
1002 1022 1052 1056 -,
1073 986 1111 1062 μὴ
1128 986 1265 1067 φάσκειν

166 1090 247 1160 κτλ,
269 1089 309 1150 45
332 1087 469 1165 πάθοιμι
494 1079 614 1168 μέντᾶν
634 1084 679 1144 τὰ
708 1083 895 1158 δεινότατα,
917 1087 944 1144 εἰ
972 1088 1003 1146 οἱ
1025 1085 1082 1163 μὲν
1109 1084 1202 1168 νόμοι
1214 1121 1265 1162 -,

166 1191 253 1266 ὑμεῖς
280 1187 374 1255 δὲ-,
398 1187 436 1248 47
461 1194 523 1259 πῶς
546 1185 574 1244 δ’
593 1188 649 1245 ούκ
673 1176 714 1247 oiv
737 1183 779 1257 ein
802 1179 940 1256 ἄτοπον,
964 1186 1045 1244 εἰ-
1060 1185 1173 1264 τὸμὲν
1195 1189 1266 1268 ὁριο-

167 1287 360 1367 λογούμενον
389 1284 508 1369 ἄκορον
537 1287 696 1358 ποιήσετε,
723 1283 762 1343 τὸ
792 1285 821 1343 δ’
840 1284 1135 1365 ἀμφιςβητούμενον
1160 1286 1267 1370 κύριον

167 1389 357 1465 ψηφιεῖσθε,
381 1387 421 1447 49
444 1387 501 1444 onia
523 1383 580 1446 οὖν
601 1382 739 1456 ἄτοπον,
763 1387 790 1444 εἰ
805 1418 845 1426 --
860 1383 899 1444 τὸ
922 1383 976 1460 μὲν
998 1385 1074 1469 πρὸς
1097 1397 1159 1446 τοῦ
1188 1388 1267 1447 ἀπο-

167 1493 360 1570 στεροῦντος
376 1493 498 1557 πιστῶς
514 1484 704 1557 ἀκούσεσθε,
718 1485 758 1544 τὸ
775 1485 802 1544 δ’
817 1483 894 1570 ὑπὲρ
909 1493 972 1545 τῶν
984 1475 1268 1570 ἀποστεροορὲνων

168 1580 312 1646 ἄπιστον
340 1587 437 1644 ἔσται
465 1586 540 1669 παρ’
563 1587 654 1662 ὑμῖν,
684 1583 723 1646 al.
767 1582 829 1658 Qui
861 1604 1010 1647 numerus
1043 1583 1267 1648 antithetorum

167 1684 266 1748 maior
287 1682 412 1747 uidetur
434 1703 513 1764 esse,
535 1703 632 1767 quam
653 1688 688 1746 ut
710 1683 808 1768 possit
830 1683 966 1769 probari.
1270 1677 1273 1686 ’

252 1791 392 1856 Transeo
414 1813 497 1855 nuno
518 1790 559 1854 ad
587 1790 746 1874 figuras
774 1793 1075 1856 sententiarum.

249 1892 356 1974 Atque
377 1895 600 1968 ἠθοποιίας
621 1892 747 1977 quidem
769 1891 830 1957 duo
846 1899 973 1957 exstant
995 1893 1152 1979 exempla,
1167 1891 1213 1974 ἐξ.
1229 1895 1267 1957 14

168 1995 236 2055 οὐδ’
253 1988 271 2054 ri
286 1994 364 2068 εἰκὸς
386 1994 422 2068 ἦν
445 1993 512 2054 εἶπε
538 1993 734 2076 «Χρύσιππε,
751 1997 862 2074 μαίνει·
885 1999 919 2054 τύ
939 2003 1063 2056 τοῦτον
1081 1996 1267 2080 προςκαλεῖς

169 2095 238 2174 ἐμοὶ
264 2095 324 2179 γὰρ
355 2093 537 2154 ἀποδέδωκε
558 2093 598 2154 τὸ
627 2095 778 2179 χρυσίον»
811 2100 843 2158 et
872 2097 909 2158 15
938 2096 1047 2156 καίτοι
1076 2093 1153 2168 εἰκός
1181 2099 1208 2173 γ’
1231 2092 1268 2166 ἦν

169 2195 270 2256 αὐτὸν
296 2195 404 2267 εἰπεῖν,
427 2191 449 2254 ὦ
470 2192 502 2254 oi.
525 2195 583 2268 ’A.,
608 2193 660 2255 «τί
686 2215 721 2270 με
749 2197 928 2280 προςκαλεῐ,
944 2190 1123 2280 ἄνθρωπε,
1154 2193 1268 2256 ἀποδέ-

169 2294 255 2355 δωκα
275 2293 334 2379 γὰρ
356 2293 465 2377 τούτῳ
479 2303 526 2376 τῷ
548 2293 765 2378 παρεστηκότι
781 2296 820 2355 τὸ
843 2296 1004 2381 χρυσίον».
1038 2293 1077 2358 In
1098 2294 1268 2358 rarioribus

167 2399 272 2457 autem
295 2393 374 2457 haee
395 2393 498 2476 figura
519 2398 568 2456 est
589 2393 794 2475 numeranda,
811 2392 894 2478 qnod
916 2393 1042 2476 quidem
1065 2393 1105 2457 ad
1127 2394 1268 2479 priuatas

167 2492 389 2558 Demosthenis
411 2493 566 2556 orationes
588 2493 729 2556 attineat.
1306 2571 1312 2588 ι

251 2593 373 2657 Deinde
396 2593 428 2656 in
453 2594 592 2657 oratione
614 2592 785 2657 XXXIIII.
807 2595 998 2680 ὑποφορά
1028 2595 1095 2659 siue
1117 2595 1268 2659 subiectio

166 2695 215 2759 bis
238 2700 286 2758 est
307 2699 473 2778 usurpata:
501 2690 546 2772 ἓξ.
568 2694 608 2756 32
630 2699 647 2768 ἡ
669 2693 728 2779 γὰρ
751 2697 918 2780 συγγραφή
947 2719 994 2774 με,
1018 2697 1107 2775 φησὶ,
1130 2704 1175 2778 τῷ
1192 2719 1268 2758 ναυ-

86 2824 91 2832 ’
167 2797 265 2880 κλήρῳ
295 2795 430 2857 ἐκέλευεν
459 2793 644 2855 ἀποδοῦναι
673 2793 712 2854 τὸ
740 2795 874 2878 χρυσίον
897 2799 928 2857 et
956 2795 996 2857 33
1025 2793 1105 2876 λέγει
1133 2795 1161 2855 δ’
1185 2799 1222 2870 ὡς
1250 2799 1268 2869 ἡ

168 2893 336 2981 συγγραφὴ
366 2893 519 2967 σωθείσης
547 2902 602 2968 τῆς
629 2895 705 2969 νεὼς
738 2894 841 2957 αὐτὸν
870 2895 1053 2957 ἀποδοῦναι
1080 2896 1196 2956 κελεύει
1223 2898 1268 2957 τὰ

168 2995 327 3080 χρήματα.

251 3099 333 3164 Tum
356 3101 558 3186 εἰρωνεία-ν
581 3099 640 3164 hoo
654 3102 780 3187 repperi
794 3102 878 3166 loeo:
901 3099 945 3182 ἐξ.
961 3103 1001 3166 35
1017 3104 1072 3164 καὶ
1087 3108 1104 3166 ὁ
1127 3102 1267 3184 Λάμπις,

169 3198 233 3262 ὅσα
255 3201 309 3283 μὲν
332 3201 399 3262 εἶπε
426 3202 504 3286 πρὸς
533 3202 592 3282 ἐμὲ,
616 3203 691 3287 πρὶν
712 3203 776 3263 ὑπὸ
805 3207 927 3265 τούτου
956 3204 1189 3288 διαφθαρῆναι,
1212 3205 1268 3263 ούκ

169 3301 257 3375 ἐντὸς
280 3297 323 3363 oia
351 3305 452 3360 αὑτοῦ
480 3311 580 3383 φησιν
601 3303 709 3364 εἰπεῖν·
733 3303 839 3375 ἐπειδὴ
868 3301 962 3363 δὲτὸ
990 3305 1123 3384 χρυσίον
1145 3302 1268 3382 τούμὸν

169 3402 349 3486 ἐμερίσατο,
371 3399 442 3461 τότ’
467 3400 556 3476 ε’ντὺς
586 3401 667 3462 εἶναι’
690 3413 787 3482 φησιν
811 3405 915 3462 αὑτοῦ
940 3402 993 3462 καὶ
1015 3402 1116 3464 πάντ’
1139 3403 1267 3485 ἀκριβεῖς

170 3502 379 3582 μνημονεύειν.

252 3599 606 3684 interrogationes
633 3623 726 3686 porro
753 3601 786 3664 in
812 3601 951 3665 oratione
976 3601 1157 3682 XXXIIH,
1179 3601 1270 3664 siouti

169 3700 201 3764 in
228 3699 450 3764 Demosthenis
481 3700 674 3765 orationibus
702 3701 856 3784 genuinis,
885 3707 956 3764 sunt
984 3702 1270 3786 frequentissimam

170 3801 208 3865 of.
230 3799 274 3881 ἓξ.
298 3804 346 3884 14,
371 3804 489 3884 15,17,
513 3804 552 3865 25
574 3801 632 3883 bis,
654 3804 704 3884 26,
727 3804 765 3865 27
789 3802 847 3880 bis,
870 3803 920 3884 28,
942 3803 982 3864 29
998 3802 1055 3885 bis,
1078 3804 1129 3884 30,
1152 3804 1201 3882 33,
1219 3804 1270 3881 43,

170 3904 208 3965 47
232 3900 290 3982 bis,
313 3903 363 3983 48,
385 3904 435 3964 49.
478 3900 541 3966 Sed
562 3907 669 3964 tamen
698 3901 739 3965 ab
761 3900 810 3963 his
831 3901 886 3964 illa
913 3901 1018 3964 differt
1044 3921 1090 3980 eo,
1112 3900 1195 3983 quod
1216 3900 1271 3963 nni

169 4008 292 4066 tantum
314 4001 552 4085 interrogationi
569 4001 602 4065 in
625 4023 663 4066 ea
686 4001 838 4066 subieitur
860 4003 1031 4088 responsio,
1047 4001 1085 4063 oi.
1108 3999 1134 4080 ἓ.
1156 4002 1196 4064 50
1219 4027 1271 4080 μη-

170 4103 272 4183 δαμῶς
295 4101 318 4163 oi
341 4100 371 4162 ἄ.
395 4104 435 4177 h,
457 4122 528 4165 oum
555 4103 588 4164 in
616 4100 838 4166 Demosthenis
867 4101 1060 4165 orationibus
1089 4099 1271 4184 saepissime

170 4202 388 4286 responsiones
420 4201 586 4283 addantur,
614 4204 702 4266 uelut
732 4200 819 4285 ἔγωγ’
840 4193 930 4281 οἶμαι
959 4199 1100 4263 XXIIII.
1129 4201 1271 4279 57,137,

172 4303 229 4381 ἐγὼ
245 4304 297 4384 μὲν
313 4299 397 4385 (γὰρ)
413 4303 502 4383 οἶμαι
518 4301 626 4364 XIIII.
644 4303 692 4383 12,
708 4301 846 4365 XVIIII.
861 4303 933 4381 294,
948 4299 1053 4363 XXII.
1070 4301 1118 4379 71,
1133 4297 1272 4360 XXIIII.

1106 4431 1122 4467 θ
