3164 4932
751 365 937 424 ,4-

125 551 127 560 ’
211 601 215 611 .
293 555 341 612 est
365 547 511 626 iudicata,
532 569 614 632 quae
636 547 667 610 in
696 546 797 610 indice
823 552 983 610 oratorum
1005 545 1197 609 Graecorum
1224 548 1290 611 siue
1316 549 1394 610 ἀνα-

291 659 399 734 γραφῇ
427 657 493 710 ταῖν
532 652 702 734 ῥητορικῶν
739 648 803 710 scil.
843 645 1101 733 συγγραμμάτων
1113 644 1136 726 ¹)
1175 647 1395 711 Demostheni·

292 770 399 812 corum
429 749 604 812 orationum
634 748 755 834 corpori
791 748 1030 830 adiungeretur:
1066 767 1085 809 a
1117 745 1331 811 Demosthene
1360 770 1394 812 re

292 870 370 913 uera
392 869 462 912 eam
485 869 553 912 csso
574 848 782 934 conscriptam
796 849 893 932 uulgo
908 852 1032 910 ueteres
1054 869 1110 931 pro
1132 855 1217 910 certo
1238 849 1394 932 putabant

293 983 333 992 -·
355 948 439 1030 quod
461 948 587 1030 quidem
614 947 787 1012 uideamus.
829 948 912 1011 Nam
939 952 1029 1010 erant
1058 947 1121 1009 iam
1149 953 1227 1028 tum,
1249 949 1394 1029 quamuis

292 1049 451 1135 perpauci,
469 1087 511 1095 -
530 1049 744 1136 imprimisque
759 1048 818 1112 hoc
838 1049 907 1112 loco
921 1046 1092 1128 Dionysius
1106 1047 1394 1112 Halicarnassensis

293 1156 341 1214 est
360 1147 538 1213 laudandus
559 1186 599 1194 -
622 1151 676 1230 qui
698 1150 922 1234 perspicerent,
943 1167 1039 1229 quam
1055 1147 1268 1211 Callimachus
1289 1150 1393 1232 negle-

293 1256 403 1329 genter
436 1256 531 1331 atque
566 1250 679 1312 leuiter
712 1269 888 1334 parumque
921 1270 996 1312 usus
1030 1248 1137 1311 critica
1164 1249 1294 1331 ratione,
1322 1270 1394 1312 eum

292 1372 354 1414 non
377 1357 443 1412 tam
456 1349 621 1412 ,rhetorico
636 1351 735 1431 quam
754 1350 878 1434 poetica
895 1349 1106 1413 delectaretur
1128 1355 1206 1430 arte,
1221 1349 1254 1412 in
1275 1350 1395 1433 ingenti

292 1451 469 1536 orationum
491 1450 584 1513 turba
605 1449 686 1514 inter
709 1457 847 1514 oratores
863 1449 1076 1535 dispensanda
1098 1455 1244 1514 uersatus
1260 1456 1341 1514 esset
1364 1458 1394 1514 et

293 1570 390 1632 quam
415 1550 501 1617 haud
529 1551 626 1614 semel
657 1571 822 1636 perperam
854 1551 946 1614 alteri
972 1551 1103 1615 alterius
1137 1550 1297 1614 tribuisset
1325 1572 1393 1614 ora·

197 1707 199 1714 ,
293 1652 409 1714 tionem
417 1649 442 1730 2)
469 1649 611 1732 uestigiis
639 1649 793 1714 adductus
821 1650 1002 1714 leuissimis:
1035 1650 1089 1714 sed
1116 1657 1152 1714 ut
1179 1651 1317 1714 maxime
1347 1658 1394 1714 est

292 1751 578 1834 dolendum-,quod
606 1751 768 1834 ignoratur
790 1751 926 1832 omnino,
952 1750 1026 1833 quid
1049 1749 1230 1835 Dionysius,
1255 1772 1393 1815 summus
1448 1825 1452 1830 ,

292 1853 345 1916 ille
374 1859 469 1934 atque
497 1852 686 1915 clarissimus
713 1849 936 1916 Demosthenis
969 1851 1105 1934 criticus,
1138 1851 1324 1916 indicauerit
1354 1851 1393 1914 de

292 1956 385 2032 longe
423 1953 565 2036 plurimis
597 1951 819 2019 Demosthenis
857 1951 1050 2015 orationihus
1087 1952 1233 2036 priuatis,
1265 1972 1326 2034 quo
1362 1953 1393 2015 in

292 2074 422 2117 numero
451 2059 557 2117 nostra
579 2072 703 2135 quoque
733 2059 790 2130 est,
818 2053 862 2115 ita
883 2051 1127 2137 Harpocration,
1149 2073 1220 2116 cum
1246 2052 1393 2116 orationis

293 2153 457 2218 XXXHII
490 2153 566 2217 facit
598 2153 798 2233 mentionem,
832 2174 869 2217 eo
901 2152 985 2235 quod
1016 2152 1115 2216 uerba
1143 2153 1335 2216 orationibus
1362 2153 1394 2215 in

292 2254 423 2319 dubium
451 2255 572 2318 uocatis
599 2256 785 2341 plerumque
813 2254 946 2332 adiecta,
974 2273 1055 2336 quae
1084 2259 1157 2316 sunt
1178 2255 1205 2314 εἰ
1228 2254 1353 2332 γνήσιος
1376 2254 1393 2313 ὁ

293 2353 395 2433 λόγος,
424 2354 541 2418 addere
570 2354 695 2437 omittit,
725 2376 786 2418 non
817 2352 1058 2418 abiudieandam
1086 2352 1293 2417 Demostheni
1323 2373 1392 2416 eam

293 2477 361 2519 esse
387 2455 513 2519 uidetur
539 2456 693 2540 profiteri;
714 2478 737 2519 s.
758 2476 788 2518 u.
815 2454 985 2529 ἐπιθέτους
1007 2456 1134 2538 έορυάςε
1163 2452 1333 2529 ἐπιθέτους
1359 2454 1393 2516 δὲ

292 2556 468 2632 ἐπιστολὰς
491 2557 615 2629 Λυσίας
638 2558 670 2618 ἐν
692 2564 738 2638 τῷ
759 2553 847 2615 κατὰ
863 2555 1097 2639 Θρασυβούλου
1119 2553 1210 2628 τινὰς
1232 2553 1392 2634 ὀνομάζει,

292 2655 378 2734 λέγοι
405 2654 479 2719 ‹l'cln
508 2656 569 2731 τὰς
592 2658 743 2733 δοθείσας
764 2657 852 2720 τισίν
879 2653 955 2731 οίςτε
980 2655 1181 2736 διακομίσαι.
1210 2653 1309 2735 λέγειν
1331 2656 1391 2739 γὰρ

291 2755 328 2828 ἦν
357 2756 541 2836 εἰθισμένον
575 2756 725 2830 ἐπέθηκεν
753 2757 929 2832 ἐπιστολὰς
958 2756 1034 2820 ἀντὶ
1061 2766 1123 2816 τοῦ
1150 2754 1327 2842 παρέδωκεν
1355 2757 1393 2826 ὡς

293 2855 494 2936 Δημοσθένης
528 2858 560 2920 ἐν
587 2867 633 2940 τῷ
663 2857 740 2944 ὑπὲρ
770 2857 961 2943 Χρυσίππου
1000 2857 1076 2942 πρὸς
1116 2855 1175 2928 τὴν
1211 2855 1393 2940 Φορμίωνος

291 2959 507 3042 παραγραφήν
530 2995 571 3004 —-
593 2965 624 3021 et
646 2981 669 3022 ε.
691 2980 720 3020 u.
742 2955 876 3039 ἔφεκτος
905 2955 1014 3030 voror:
1043 2957 1135 3017 ὁέπὶ
1163 2964 1208 3039 τῷ
1231 2953 1311 3037 ἕκτῳ
1332 2964 1393 3015 τοῦ

290 3057 479 3137 κεφαλαίου·
524 3058 726 3138 Δημοσθένης
750 3059 783 3120 ἐν
811 3066 857 3140 τῷ
884 3056 961 3142 ’ὑπὲρ
984 3061 1185 3143 Χρυσίππου.
1232 3053 1394 3119 Consentit

291 3175 363 3217 cum
390 3156 449 3219 hoc
478 3158 576 3221 lulius
604 3159 730 3239 Pollux,
759 3179 829 3222 cum
857 3159 889 3220 in
918 3157 1102 3220 onomastici
1128 3156 1199 3220 libri
1227 3155 1301 3219 noni
1323 3175 1392 3237 seg·

376 3409 395 3474 1λ
414 3414 446 3464 σί.
465 3414 620 3466 Athenaeus
642 3415 701 3468 XV.
726 3413 798 3468 seed
824 3417 871 3466 καὶ
897 3412 945 3466 τὸν
971 3411 1056 3482 λόγον
1082 3415 1179 3466 τοῦτον
1204 3413 1264 3480 (τοῦ
1287 3413 1393 3479 χαλκοῦ

292 3496 406 3562 ποιητοῦ
437 3498 483 3547 καὶ
509 3493 621 3567 ῥήτορος
648 3500 811 3569 Διονυσίου)
840 3499 981 3571 ἀνέγραψε
1013 3501 1192 3571 Καλλίμαχος
1222 3499 1253 3551 ἔν
1282 3499 1312 3570 τῇ
1339 3499 1395 3550 τῶν

291 3582 442 3651 ῥητορικῶν
460 3579 619 3654 ἀναγραφῇ.

376 3667 397 3732 ²)
415 3671 449 3724 cf.
461 3672 570 3738 Dionys.
585 3673 672 3725 Helie.
686 3674 718 3726 de
731 3673 867 3726 Dinarcho
884 3674 962 3726 indie.
980 3691 1039 3742 cap.
1052 3675 1077 3726 I:
1095 3667 1169 3738 ὁρῶν
1186 3667 1269 3723 οὐδέν
1288 3667 1396 3737 ἀκριβὲς

291 3747 353 3806 οὔτε
370 3757 553 3825 Καλλίμαχον
576 3749 637 3807 οὔτε
663 3752 724 3814 τοὺς
747 3755 777 3807 ἐκ
798 3749 951 3826 Περγάμου
979 3755 1190 3829 γραμματικοὺς
1219 3758 1282 3826 περὶ
1310 3754 1396 3808 αὐτοῦ

291 3838 463 3914 γράψαντας,
477 3839 546 3894 ἀλλὰ
560 3839 635 3914 παρὰ
654 3840 682 3895 τὸ
700 3841 791 3912 μηιλλν
808 3839 932 3903 ἐξετάσαι
951 3847 1012 3916 περὶ
1032 3843 1117 3897 αὐτοῦ
1130 3847 1185 3896 τῶν
1197 3842 1396 3914 ἀκριβεστέρων

292 3925 480 4001 ἡμαρτηκότας
498 3925 533 3989 τίς
549 3927 588 4000 μὴ
604 3926 695 3998 μόνον
707 3929 843 3995 ἐψεῦσθαι
864 3928 961 4001 πολλὰ,
975 3929 1043 3984 ἀλλὰ
1061 3934 1108 3984 καλ
1126 3928 1225 4000 λόγους
1237 3928 1299 3990 τοὺς
1311 3927 1396 3983 οὐδέν

291 4017 345 4088 μὲν
368 4013 441 4083 αὐτῷ
461 4013 646 4086 νιροςηκοντας
667 4013 703 4076 τίς
725 4013 882 4088 Δεινάρχου
899 4015 984 4086 τούτῳ
1003 4023 1210 4090 τιροςτίιέισιέιιτ,
1236 4015 1299 4076 τοὺς
1322 4014 1392 4070 δ’ὺττ’

293 4102 377 4156 αὐτοῦ
389 4108 547 4173 γραηίνιας
559 4104 658 4172 ἑτέρων
670 4099 739 4157 εἶναι
754 4105 853 4172 λέγειν.
869 4144 875 4156 ,
894 4134 924 4142 -
944 4108 1104 4176 Harpocrat.
1118 4124 1138 4162 s.
1151 4125 1176 4160 u.
1189 4105 1395 4175 ίνιττίσκημμαε

291 4193 491 4261 Δημοσθένους
503 4187 572 4261 πρὸς
581 4194 697 4262 Κριτίαν
709 4193 770 4262 περὶ
785 4193 833 4244 τοῦ
846 4188 1094 4262 ἐντατσκήμματος,
1107 4185 1141 4243 ὃν
1153 4191 1331 4260 Καλλίμαχος
1341 4188 1396 4260 μὲν

292 4272 446 4346 ἀναγράφει
466 4274 501 4335 ὡς
513 4274 637 4344 γνήσιον,
651 4275 798 4336 Λιονίισιος
816 4278 845 4328 δὲ
855 4273 1082 4349 Ἁλικαρνασσεὺς
1099 4274 1135 4337 ὠς
1152 4276 1394 4348 ψευδεπίγραφον.
