3164 4932
263 1391 375 1474 Oratio
409 1410 562 1473 aduersus
589 1409 812 1473 Phormionem
842 1409 1026 1493 conscripta,
1061 1431 1155 1492 quam
1188 1411 1283 1473 susci-

179 1511 284 1596 pimus
301 1511 510 1590 tractandam‚
529 1510 611 1573 inter
628 1508 890 1584 Demosthenicas
913 1509 1103 1572 tricesimum
1125 1516 1282 1593 quartum,

180 1613 212 1674 in
233 1633 361 1674 numere
381 1618 500 1696 septem
520 1609 820 1695 paragraphicarum
839 1628 921 1690 quae
938 1616 1091 1672 uocantur
1108 1610 1283 1673 orationum

181 1713 307 1774 tertium
330 1711 450 1775 obtinet
472 1712 583 1774 locum.
615 1709 747 1773 Decius
768 1709 967 1794 inscriptione
988 1709 1060 1772 libri
1080 1711 1283 1794 manuscripti

179 1813 261 1876 inter
275 1833 307 1875 se
323 1811 519 1875 dissentiunt.
552 1809 634 1873 Nam
650 1830 721 1872 cum
743 1809 775 1872 in
790 1809 933 1894 plurimis
948 1809 992 1872 sic
1008 1831 1046 1873 ea
1061 1810 1101 1872 sit
1116 1819 1283 1897 concepta:

179 1912 402 1991 Δημοσθένους
424 1913 440 1973 ὁ
460 1911 538 1995 πρὸς
554 1910 725 1995 Φορμίωνα
746 1909 818 1994 περὶ
839 1911 967 1972 δανείου
982 1909 1084 1987 λόγος,
1107 1910 1178 1992 due,
1197 1913 1283 1975 Puri·

178 2013 314 2076 siensem
350 2011 371 2075 S
407 2011 476 2074 dice
512 2017 544 2074 et
580 2010 803 2092 Augustarum
836 2008 865 2071 A
898 2008 1066 2094 (primum),
1101 2012 1181 2073 alter
1212 2019 1283 2095 post

178 2120 333 2194 extrema,
362 2114 442 2176 alter
473 2117 547 2174 ante
578 2110 680 2195 prima
710 2110 857 2173 orationis
889 2110 988 2173 uerba
1020 2110 1098 2173 haec
1131 2111 1282 2176 exhibent

177 2213 350 2276 UOcabula:
371 2214 450 2296 ὑπὲρ
465 2211 657 2296 Χρυσίππου
673 2210 750 2294 πρὸς
773 2209 831 2282 τὴν
854 2211 1036 2294 Φορμίωνος
1054 2215 1281 2297 παραγραφήν,

178 2316 210 2377 in
234 2315 346 2398 quibus
369 2313 519 2376 maiorem
542 2311 637 2374 fidem
665 2311 769 2374 inesse
790 2317 867 2395 pute
889 2332 950 2373 non
972 2299 1072 2373 solnm
1095 2313 1282 2376 auctoritate

178 2414 293 2477 codicis
314 2413 336 2478 S
359 2419 540 2492 commotus,
567 2410 622 2474 scd
651 2411 747 2474 etiam
777 2417 951 2476 ceterarum
979 2412 1282 2497 paragraphicarum

177 2515 353 2577 orationum
382 2510 633 2595 inscriptionibus
661 2510 733 2572 huic
763 2510 940 2590 simillimis
964 2531 1035 2572 cum
1063 2512 1207 2574 omnibus
1234 2512 1282 2576 his

177 2615 370 2694 significetur
391 2613 549 2696 pertinere
572 2611 729 2674 orationes
751 2610 791 2673 ad
814 2609 1034 2696 exceptionum
1061 2612 1199 2675 actiones
1210 2612 1240 2692 1).

262 2715 374 2799 Neque
395 2735 470 2777 uero
488 2713 654 2797 quisquam
668 2718 812 2774 ueterum
833 2712 1108 2794 grammaticorum
1124 2719 1179 2775 aut
1201 2713 1282 2776 eriti-

177 2836 285 2878 cerum
313 2820 368 2877 aut
396 2810 694 2896 lexicographorum
729 2816 838 2893 aperte
866 2809 1060 2873 dubitauisse
1089 2811 1215 2874 uidetur
1242 2813 1281 2875 de

176 2937 252 2979 uere
270 2913 514 2978 Demostheniea
536 2911 630 2974 huius
652 2897 803 2974 orationis
823 2911 952 2993 origine.
985 2910 1047 2974 Sed
1070 2911 1123 2974 ubi
1146 2913 1281 2996 primum

177 3039 217 3080 oa
239 3014 425 3078 Callimachi
447 3013 603 3096 Cyrenaei
625 3011 711 3075 haud
733 3011 828 3074 dubie
850 3011 973 3089 iudicio,
997 3032 1016 3073 a
1037 3031 1098 3093 quo
1121 3012 1188 3075 uiro
1211 3013 1281 3076 doc-

176 3117 297 3179 tissimo
318 3116 468 3178 librorum
497 3112 781 3194 manuscriptorum
807 3110 1016 3174 bibliothecae
1043 3112 1280 3177 Alexandrinae

176 3218 294 3281 indices
320 3212 510 3296 (utvans4)²)
531 3214 672 3276 maxima
694 3219 837 3297 exparte
860 3219 932 3274 sunt
954 3213 1117 3297 repetendi
1129 3213 1163 3294 ³),
1186 3214 1281 3293 digna

263 3401 282 3464 ¹)
300 3402 334 3454 cf,
353 3418 404 3453 err.
423 3396 563 3466 [XXXII]
584 3394 652 3463 πρὸς
670 3391 830 3463 Ζηνόθεμιν
848 3391 1030 3466 παραγραφή,
1046 3394 1198 3464 [XXXIII]
1214 3396 1283 3466 πρὸς

172 3479 355 3549 Ἀπατούριον
380 3477 560 3552 παραγραφή,
586 3481 721 3546 [XXXV.]
752 3476 821 3550 πρὸς
846 3477 895 3546 τὴν
913 3484 1055 3549 Λακρίιοα
1082 3481 1280 3550 παραγραφὴν,

177 3571 306 3625 XXXVI.
336 3565 507 3636 παραγραφὴ
538 3563 605 3636 ὑπὲρ
634 3569 809 3634 «ῥορμίωνος,
839 3567 982 3620 XXXVII.
1013 3565 1184 3636 παραγραφὴ
1214 3567 1282 3640 πρὸς

167 3659 373 3726 ,llavratmoa
392 3656 551 3708 XXXVIII.
569 3649 740 3721 παραγραφὴ
760 3649 828 3724 πρὸς
848 3654 1030 3722 Ναυσίμαχον
1047 3656 1094 3704 καὶ
1113 3653 1142 3710 Ξ.

260 3740 282 3805 ²)
300 3743 333 3796 cf.
353 3742 448 3794 Snidas
474 3758 494 3794 s.
521 3759 547 3795 u.
573 3739 763 3809 Καλλίμαχος-ε
791 3743 904 3797 πίνακες
931 3740 986 3789 τῶν
1011 3739 1042 3791 ἐν
1068 3736 1142 3811 πάσῃ
1169 3741 1281 3808 παιδείᾳ

175 3823 399 3894 διαλαμψάντων
416 3827 463 3876 καὶ
481 3813 521 3875 ὧν
539 3830 723 3893 συνέγραψαν
741 3827 771 3878 ἓν
788 3827 901 3892 βιβλίοις
918 3822 939 3876 κ’
960 3828 1006 3876 καὶ
1024 3821 1056 3892 ρ’,

261 3910 283 3976 ³)
301 3913 334 3964 cf.
354 3929 422 3978 quae
447 3913 479 3965 de
504 3913 555 3964 hac
578 3931 605 3964 re
630 3916 811 3980 exposuerunt
832 3912 1014 3964 Rehdantzius
1039 3913 1065 3963 in
1090 3913 1122 3963 Α.
1146 3912 1281 3962 Sclraeferi

176 3997 245 4048 libro
265 3996 472 4058 „Demosthenes
491 3996 544 4047 unrl
562 3997 633 4048 scine
646 3992 716 4048 Zeir“
737 3997 864 4063 inscripto
882 3998 935 4047 uol.
951 3996 1001 4048 III.
1020 3999 1087 4063 part.
1107 3995 1141 4047 II.
1159 4012 1220 4061 pag.
1232 3991 1281 4044 317

175 4097 263 4147 prxx„
282 4079 388 4146 Siggius
412 4078 493 4142 („Der·
510 4080 649 4131 Verlasser
673 4080 720 4131 der
743 4079 759 4130 9
783 4079 927 4147 angeblich
949 4096 1000 4130 von
1023 4079 1214 4130 Demosthenes
1238 4079 1282 4128 fiir

174 4162 326 4230 Apollodor
343 4161 550 4230 geschriebenen
568 4159 688 4226 Reden“)
712 4163 739 4213 in
757 4165 848 4214 annal.
866 4162 958 4229 philol.
982 4163 1069 4228 suppl.
1088 4162 1134 4212 vl,
1153 4177 1213 4227 pag.
1231 4159 1281 4210 399

174 4263 264 4314 ραι,
291 4245 325 4298 Η.
352 4245 485 4312 Sauppius
511 4246 538 4297 in
565 4245 640 4313 epist.
673 4246 730 4297 crit.
757 4246 791 4298 ad
817 4245 849 4296 G.
877 4246 1061 4297 Hermannum
1094 4243 1177 4311 (Lips.
1204 4241 1280 4305 1840)

174 4345 238 4397 pag.
256 4325 298 4392 49,
316 4329 351 4379 al.
