3164 4932
607 392 815 452 *pp-s

283 623 289 638 .
312 577 352 638 28
367 574 506 648 πολλοὺς
522 574 756 659 παρίστανται,
773 575 813 636 30
829 574 923 634 πολλ.
938 574 1070 658 παρέστ.
1088 572 1258 659 μάρτυρας.

283 723 290 738 .
312 677 352 738 28
374 674 418 735 ἑνὶ
439 675 575 746 σκήπτει
598 672 744 758 μάρτυρι,
763 675 801 737 47
826 672 849 757 ᾧ
871 673 1050 746 σκήπτεται
1072 673 1216 758 μάρτυρι.

245 773 290 856 ἐξ.
317 777 357 839 35
393 774 467 859 πρὶν
499 772 564 833 ὑπὸ
601 773 724 833 τούτου
758 775 990 857 διαφθαρῆναι,
1021 775 1058 836 41
1094 774 1168 859 πρὶν
1194 774 1258 834 ὑπὸ

160 880 285 936 τούτου
308 876 543 958 διαφθαρῆναι,
565 873 605 934 48
628 873 733 946 ἐπειδὴ
757 871 921 958 διεφθάρη.

245 973 291 1055 ἓξ.
313 976 352 1038 47
383 983 447 1048 πῶς
476 974 504 1033 δ’
532 975 588 1033 οὐκ
617 969 658 1034 dv
687 973 730 1047 εἰἠ
759 968 898 1047 ἄτοπον,
928 975 1017 1045 εἰ..;
1047 975 1087 1037 49
1118 976 1175 1034 οὐκ
1202 972 1258 1036 οὖν

160 1070 303 1149 ἄτοπον,
325 1075 411 1145 εἰ..,·

245 1171 392 1253 Agedum
407 1193 489 1236 nuno
505 1193 703 1257 quaeramus,
717 1173 751 1236 in
766 1172 992 1238 exornandis
1014 1178 1109 1256 atque
1128 1176 1259 1260 ampli·

160 1273 339 1338 fioandis
361 1279 393 1338 et
415 1273 632 1338 sententiis
654 1279 686 1337 et
708 1273 837 1354 singulis
856 1273 982 1338 uerbis
1003 1273 1096 1337 huius
1112 1273 1259 1338 orationis

159 1374 293 1460 seriptor
315 1395 378 1459 qua
400 1395 474 1438 usus
497 1373 537 1437 sit
558 1373 687 1438 ratione.

243 1474 350 1538 Primo
371 1474 467 1554 igitur
487 1475 555 1538 loeo
578 1509 617 1518 -
639 1479 676 1538 ut
696 1474 948 1560 amplificationis
973 1494 1125 1557 generum
1146 1495 1260 1558 sequar

159 1574 392 1641 distinctionem
420 1571 614 1653 abUh1i01)
642 1575 833 1660 propositam
856 1613 897 1622 ν
918 1575 1067 1658 exempla
1092 1595 1260 1657 congeram

158 1676 228 1740 eius
249 1675 383 1759 generis,
406 1673 490 1757 quod
512 1673 655 1755 efficitur,
677 1695 749 1738 oum
770 1695 835 1756 „ea‚
850 1694 931 1757 quae
946 1675 1095 1757 negatiue
1110 1695 1260 1758 expressa

160 1782 244 1858 sunt,
274 1775 463 1840 affirmatius
484 1771 664 1840 'iterantur“
687 1773 812 1858 (σχῆμα
839 1780 911 1836 κατ’
935 1773 1028 1860 ἄρσιν
1057 1776 1112 1836 καὶ
1139 1773 1258 1855 θέσμια

159 1875 205 1958 ἕξ.
230 1878 268 1939 12
290 1875 343 1936 καὶ
365 1873 462 1950 οὗτος
484 1875 571 1936 κατὰ
587 1875 640 1951 μέν
663 1874 763 1960 ἀρχὰς
787 1877 999 1949 οὐδεπώποτ’,
1023 1871 1092 1936 oid.
1111 1875 1170 1948 ‘A.,
1192 1875 1259 1938 εἶπε

161 1977 218 2039 τὸν
233 1975 330 2060 λόγον
345 1983 478 2049 τοῦτον,
495 1969 532 2036 ἀν
554 1975 623 2037 νυνὶ
638 1972 729 2054 λέγει,
745 1975 817 2035 ἀλλ’
833 1974 883 2036 ἀεὶ
898 1973 1049 2059 ὡμολόγει
1067 1975 1259 2049 ἀποδώσειν,

163 2080 200 2142 31
226 2079 282 2138 οὐκ
305 2076 384 2156 ἐμοὶ,
401 2075 473 2138 ἀλλ’
496 2075 597 2161 ἑτέρῳ,
620 2076 660 2137 46
683 2082 744 2135 τοῦ
766 2074 795 2133 δ’
811 2075 1045 2138 ἀποδεδωκέναι
1067 2075 1167 2150 οὐδείς
1189 2075 1259 2136 ἐστι

166 2175 282 2260 μάρτυς
305 2171 364 2250 έξω
386 2184 446 2236 τοῦ
466 2173 635 2253 Λάμπιδος
651 2187 712 2235 τοῦ
731 2177 990 2248 συναδικοῦντος·
1010 2176 1064 2234 καὶ
1085 2174 1180 2250 οὗτος
1203 2174 1259 2257 μὲν

165 2277 206 2350 εἰς
230 2277 344 2340 ἐκεῖνον
373 2274 470 2356 μόνον
493 2276 645 2360 ἀναφέρει
671 2275 731 2344 τὴν
761 2271 933 2349 ἀπόδοσιν,
956 2277 997 2338 48
1019 2277 1075 2336 οὐκ
1103 2277 1135 2336 έκ
1157 2299 1259 2360 παρα-

163 2383 280 2450 σκευῆς,
309 2375 380 2434 ἀλλ’
408 2375 441 2434 έκ
470 2383 526 2446 τῆς
556 2373 718 2450 ἀληθείας,
739 2375 779 2437 49
807 2375 874 2435 οὐδ’
904 2376 1001 2450 αὐτὸς
1031 2377 1048 2437 ὁ
1071 2377 1107 2436 Λ;
1131 2373 1258 2460 ἔξαρνος

161 2474 293 2554 ἐγένετο,
317 2477 354 2547 ὡς
371 2475 427 2533 oda
449 2471 492 2545 εἴη
515 2472 646 2557 εἰρηκὼς,
664 2469 716 2534 ὅτι
738 2473 818 2548 κτλ,
835 2475 906 2534 ἀλλ’
923 2476 1022 2536 εἰπεῖν
1044 2473 1204 2558 ὡμολόγει.
1218 2510 1260 2520 -

159 2571 284 2638 Deinde
307 2594 360 2637 eos
388 2572 521 2636 afferam
541 2572 635 2654 lones,
658 2571 771 2657 quibus
795 2593 862 2653 „ea,
884 2594 966 2658 quae
994 2574 1184 2638 affirmatiue
1205 2593 1259 2637 ex·
1327 2575 1329 2578 ’

158 2693 269 2758 pressa
291 2679 373 2755 sunt,
394 2673 544 2760 negatiue
570 2671 790 2755 repetuntur“:
816 2671 861 2754 ἐξ.
884 2676 903 2736 4
933 2677 963 2735 οἱ
984 2675 1076 2756 νόμοι
1093 2721 1099 2735 .
1117 2724 1122 2735 .
1140 2675 1260 2735 ἀπολο-

158 2777 291 2856 γεῖσθαι
318 2774 501 2836 κελεέουσιν
534 2774 723 2836 εὐθυδικίαν
751 2775 898 2850 εἰςιόντα,
928 2778 965 2836 οὗ
999 2785 1192 2860 κατηγορεῖν,
1221 2775 1259 2836 12

158 2867 264 2956 ἕτερος
286 2871 341 2947 ἤδη
365 2870 400 2945 ἦν
422 2873 477 2934 καὶ
499 2877 558 2957 οὐχ
581 2871 730 2947 ὁαιίτός,
754 2875 794 2936 33
812 2875 1036 2960 παραβεβηκὼς
1062 2877 1090 2936 δ’
1113 2873 1206 2948 εὐθὺς
1229 2873 1259 2946 ἐξ

158 2972 259 3056 ἀρχῆς
281 2973 336 3032 καὶ
359 2970 405 3034 τὰ
426 2974 581 3057 χρήματα
604 2973 659 3032 οὐκ
688 2972 863 3052 ἐνθέμενος,
886 2975 926 3036 52
954 2979 1037 3056 ὑμᾶς
1060 2973 1094 3052 δέ
1115 2971 1165 3034 δεῖ
1186 2997 1259 3034 σον·
1354 2975 1356 2979 ’

158 3073 424 3157 επανορθοῦντας
440 3072 620 3153 φαίνεσθαι
635 3071 688 3132 καὶ
705 3070 745 3152 μὴ
758 3081 1004 3158 συγχωροῦντας
1016 3086 1084 3146 τοῖς
1100 3085 1258 3158 πονηροῖς,

157 3168 235 3234 ibid.
256 3169 311 3233 ἐὰν
332 3171 580 3253 διαφυλάττητε
608 3171 683 3244 τοὺς
704 3170 750 3234 τὰ
772 3173 890 3236 ἑαυτῶν
912 3174 1117 3257 προϊεμένους
1145 3172 1258 3253 καὶμὴ

158 3269 347 3355 ἐπιτρέπητε
363 3272 553 3332 ἀδικεῖσθαι.
570 3308 612 3316 -
628 3267 664 3335 ln
686 3271 778 3335 tertio
794 3265 1044 3358 amplifioationis
1063 3293 1178 3356 genere
1199 3272 1259 3336 looi

157 3369 346 3433 numerandi
368 3376 440 3435 sunt
459 3370 492 3451 ii,
514 3369 628 3452 quibus
652 3390 719 3452 ,ειη
735 3390 816 3453 quae
832 3372 1022 3438 affirmatius
1037 3378 1093 3438 aut
1110 3372 1259 3456 negatiue

158 3490 311 3552 expressa
323 3477 403 3552 sunt,
415 3470 605 3534 affirmatius
617 3471 713 3534 etiam
725 3478 782 3536 aut
791 3473 941 3556 negatiue
953 3471 1260 3559 repetuntur“.Sunt

158 3575 267 3634 autem
288 3570 335 3634 hi:
357 3569 402 3652 ἐξ.
419 3573 457 3635 13
480 3570 573 3634 οὐδέν
594 3583 679 3634 ποιεῖ
701 3581 762 3635 τῶν
785 3572 914 3635 δικαίων
933 3575 1080 3660 Φορμίων
1095 3573 1162 3635 οὐδ’
1179 3574 1258 3635 ἀπο·

158 3669 273 3732 δίδωσι
294 3672 334 3732 τὸ
357 3671 483 3734 δάνειον
506 3676 539 3736 et
557 3673 598 3735 20
619 3670 664 3732 τὰ
686 3673 784 3748 ψευδῆ
805 3679 968 3757 μαρτυρῶν
989 3673 1043 3734 καὶ
1058 3675 1190 3756 πονηρὸς
1206 3670 1257 3734 ὤν.

243 3771 414 3836 Praeterea
435 3771 497 3836 huo
511 3769 677 3836 referenda
695 3778 768 3834 sunt
788 3771 906 3838 uerba
929 3791 1010 3854 quae
1032 3773 1138 3839 uooari
1159 3773 1259 3837 solent

158 3872 458 3953 cognominata,
482 3890 563 3954 quae
592 3876 785 3954 quantopere
807 3871 839 3936 in
861 3870 980 3936 deliciis
1007 3873 1124 3938 fuerint
1143 3872 1257 3938 Demo-

158 3970 265 4036 stheni
285 3993 377 4038 nemo
400 3978 448 4036 est
468 3972 544 4057 quin
565 3970 686 4052 soiat2).
718 3971 756 4035 In
771 3972 831 4037 hae
852 3994 928 4036 uero
946 3974 1085 4039 oratione
1107 3972 1192 4037 haud
1212 3973 1258 4035 ite

245 4143 265 4211 ¹)
283 4147 316 4200 of.
336 4148 521 4214 quaestionum
539 4147 632 4214 partio.
650 4148 672 4199 I.
691 4144 798 4216 (Hagen
817 4145 892 4210 1883)
911 4165 971 4216 pag.
989 4146 1022 4200 55
1039 4165 1097 4215 prx.

243 4226 264 4292 ²)
282 4229 315 4282 of.
333 4229 493 4281 Rehdantaii
510 4231 528 4283 l.
547 4246 572 4296 q.
589 4229 606 4280 i.
627 4229 841 4293 „Demosthenes'
860 4247 930 4282 ueun
954 4231 1131 4298 philippisehe
1149 4224 1255 4282 Reden“

156 4315 212 4366 uol.
231 4313 266 4365 II.
284 4317 353 4383 part.
370 4314 406 4366 ΙΙ.
425 4311 583 4377 [»Indioes«]
601 4329 663 4382 pag.
681 4311 730 4365 166
748 4310 780 4378 (s.
798 4331 823 4365 u.
842 4315 1024 4382 Erwsiterung
1041 4311 1077 4378 2).
