3164 4932
763 387 969 447 ..14-

403 569 428 648 §.
452 573 486 632 5:
509 567 708 650 δάνεισμα
730 569 929 649 uocabulum,
952 568 1035 649 qnod
1056 569 1171 651 legitur
1188 566 1220 631 in
1235 567 1279 647 βξ.
1295 571 1313 630 5
1329 575 1360 631 et
1376 570 1415 630 29

319 669 348 731 h.
365 690 416 747 on,
437 691 456 731 a
472 668 683 732 Demosthene
699 668 795 731 semel
812 675 858 730 est
874 674 1068 750 usurpatum,
1084 667 1122 730 of.
1138 689 1179 731 or.
1197 666 1366 730 XXXVII.
1381 670 1417 746 43

318 775 484 949 ρνααιριαα
500 774 605 833 exstat
624 768 673 831 his
692 768 782 831 loeis:
806 765 965 856 [XXXV]
982 770 1011 848 9,
1028 771 1076 847 41,
1092 764 1350 847 [XXXXVHII.]
1370 769 1416 844 12,

331 867 415 931 LVI.
452 871 478 948 1,
500 871 528 947 6,
549 870 598 931 35.

401 968 491 1032 Ibin:
506 968 659 1050 singulari
673 967 957 1048 Demosthenisque
973 967 1189 1032 consuetudini
1204 977 1331 1052 prorsus
1346 989 1415 1030 oon·
1451 1015 1460 1030 .
1565 983 1566 1000 ¹

318 1070 414 1132 traria
430 1068 470 1132 ad
485 1070 698 1132 narrationem
713 1067 895 1132 transeundi
909 1067 1030 1131 ratione
1045 1068 1143 1131 utitur
1161 1068 1254 1130 huius
1269 1068 1417 1132 orationis

318 1175 435 1250 auctor,
466 1189 537 1232 cum
572 1168 659 1232 dicit:
698 1169 900 1251 ,αναγκαῖον
936 1169 964 1228 δ’
992 1169 1061 1230 ἐστὶ
1093 1171 1245 1252 βραχέα
1276 1176 1347 1229 τῶν
1380 1169 1416 1240 ἐξ

319 1271 438 1352 ἀρχῆς
467 1269 683 1348 διηγήσασθαι
704 1257 800 1348 eim
832 1288 975 1346 „neeesse
1003 1273 1110 1331 autem
1136 1273 1183 1332 est
1204 1266 1293 1331 nobis
1315 1288 1417 1350 panea

318 1390 359 1432 ex
381 1370 434 1449 eia,
462 1389 544 1454 qnae
572 1368 613 1431 ab
641 1368 728 1430 initio
757 1374 828 1431 aeta
856 1374 936 1446 sunt,
964 1367 1115 1431 narrari“.
1158 1367 1306 1432 Summus
1334 1368 1414 1432 enim

318 1476 422 1534 orator
455 1468 495 1532 ad
527 1468 739 1532 narrationem
771 1467 923 1531 accedens
952 1474 1074 1531 tantum
1107 1468 1196 1533 abest
1228 1474 1264 1531 ut
1294 1475 1416 1550 partem

316 1591 422 1633 rernm
444 1569 484 1633 ab
506 1569 594 1632 initio
615 1574 775 1651 gestarum
798 1588 831 1631 se
856 1574 1055 1631 narraturum
1079 1589 1148 1632 esse
1169 1569 1360 1654 pronuntiet,
1381 1577 1417 1633 ut

318 1669 403 1733 haud
425 1670 521 1733 semel
543 1670 637 1754 plane
665 1675 761 1753 atque
789 1667 904 1731 diserte
933 1668 1017 1732 dieat
1038 1670 1142 1732 omnia
1170 1690 1203 1732 se
1225 1690 1294 1734 esee
1314 1671 1416 1754 prola-

317 1777 423 1833 turum
445 1770 485 1833 ab
507 1769 617 1833 ultimo
638 1769 735 1850 initio,
758 1768 796 1831 of.
818 1790 876 1831 orr.
898 1768 985 1832 XXI.
1012 1772 1051 1852 12
1071 1766 1212 1832 ἕκαστον
1235 1771 1292 1830 ἀπ’
1320 1773 1416 1855 ἀρχῆς
1435 1823 1438 1828 .

318 1870 360 1932 ὧν
389 1869 544 1940 πέπονθα
575 1868 742 1943 ἐπιδείξας,
777 1869 814 1931 II
845 1868 1003 1947 βούλομαι
1038 1869 1074 1941 δὴ
1107 1872 1162 1930 καὶ
1194 1869 1264 1953 περὶ
1296 1871 1415 1942 ταύτης

240 2011 241 2014 =
316 1974 391 2050 ὑμῖν
413 1970 444 2044 ἐξ
473 1971 568 2056 ἀρχῆς
597 1971 706 2041 εἰπεῖν,
737 1967 875 2031 XXIIII.
901 1970 938 2030 10
959 1968 989 2040 ἐξ
1019 1970 1114 2052 ἀρχῆς
1145 1968 1202 2030 οὖν
1225 1970 1257 2030 ἐν
1285 1967 1416 2051 βραχέσι

317 2073 362 2132 τὰ
383 2068 576 2156 πραχθέντα
604 2071 701 2148 δίειμι
730 2069 805 2154 πρὸς
833 2072 927 2148 ὑμᾶς,
958 2067 1109 2133 XXXVI.
1131 2071 1150 2132 3
1173 2071 1203 2143 ἐξ
1233 2072 1328 2156 ἀρχῆς
1358 2068 1416 2131 οὖν

317 2168 454 2231 άπαντα
476 2169 520 2230 τὰ
543 2168 805 2254 πραχθέντα
830 2173 868 2242 ὡς
897 2163 937 2231 άν
960 2171 1104 2250 δύνωμαι
1126 2168 1180 2232 διὰ
1202 2169 1416 2255 βραχυτάτων

316 2271 416 2331 εἰπεῖν
438 2267 643 2354 πειράσομαι,
661 2268 712 2347 (ef.
727 2267 753 2347 ξ.
773 2271 810 2333 18
825 2269 871 2329 τὰ
887 2273 941 2349 μέν
964 2269 1023 2332 οὖν
1037 2268 1245 2354 πεπραγμένα
1268 2269 1298 2342 ἐξ
1321 2269 1415 2352 ἀρχῆς

318 2366 452 2430 ἅπαντα
483 2366 659 2447 ἀκηκόατε),
682 2368 853 2433 XXXVII.
876 2373 894 2432 3
918 2369 949 2442 ἐξ
974 2371 1070 2452 ἀρχῆς
1100 2371 1140 2441 δ’,
1163 2373 1201 2443 ὡς
1231 2366 1271 2430 άν
1294 2367 1359 2443 οἶός
1380 2391 1416 2429 τε

315 2467 347 2543 ὦ,
370 2466 426 2528 διὰ
448 2468 661 2553 βραχυτάτων
685 2463 821 2531 ἅπαντα
847 2471 893 2531 τὰ
915 2468 1108 2553 πραχθέντα
1131 2471 1318 2550 διηγήσομαι
1339 2470 1416 2551 πρὸς

289 2583 291 2590 “
315 2574 406 2645 ὑμᾶς,
422 2566 561 2631 LIHI.2
584 2568 615 2642 ἐξ
638 2570 736 2655 ἀρχῆς
759 2571 788 2629 δ’
805 2573 842 2645 ὡς
864 2565 990 2631 ἕκαστα
1013 2569 1209 2654 πέπρακται,
1231 2569 1417 2648 διηγήσομαι

316 2668 394 2753 πρὸς
415 2674 511 2748 ὑμᾶς,
527 2671 565 2743 ὡς
588 2663 611 2728 ά
616 2693 630 2729 ν
652 2667 716 2744 οἷός
738 2693 775 2730 τε
798 2669 820 2730 ὦ
843 2668 897 2730 διὰ
913 2667 1134 2752 βραχυτάτων
1156 2705 1197 2713 —-
1220 2665 1416 2748 [XXXX.]5

316 2767 346 2840 ἐξ
376 2769 473 2853 ἀρχῆς
501 2772 584 2843 ὑμῖν,
616 2772 655 2843 ὡς
678 2761 720 2831 άν
742 2772 773 2830 ἐν
801 2767 1019 2853 βραχυτάταις
1047 2767 1200 2848 δύνωμαι,
1226 2769 1417 2848 διηγήσομαι

315 2866 360 2927 τὰ
388 2865 590 2952 πραχθέντα,
613 2864 808 2947 [ΧΧΧΧΙΙ.]
839 2870 858 2930 4
888 2870 919 2941 ἐξ
942 2869 1038 2950 ἀρχῆς
1068 2869 1096 2928 δ’
1114 2869 1187 2947 ὑμῖν
1216 2863 1352 2928 ἅπαντα
1373 2868 1417 2928 τὰ

314 2964 469 3046 γενόμενα
568 2967 768 3050 διηγήσομαι,
798 2963 1010 3048 [ΧΧΧΧΠΙ]
1039 2967 1053 3027 1
1088 2965 1209 3046 ἀνάγκη
1240 2967 1315 3041 ἰ’σως
1348 2967 1417 3027 ἐστὶ

314 3067 358 3128 τὰ
381 3069 560 3149 πραχθέντ’
585 3067 616 3140 ἐξ
640 3067 735 3148 ἀρχῆς
758 3068 986 3151 διηγήσασθαι,
1010 3063 1204 3146 [XXXXV.]
1227 3068 1246 3128 2
1269 3066 1300 3139 ἒξ
1323 3069 1417 3152 ἀρχῆς

226 3240 229 3243 Α
316 3168 344 3226 δ’
369 3170 407 3240 ὡς
431 3163 473 3228 άν
500 3165 564 3240 οἶός
586 3190 622 3227 τι
645 3165 669 3227 ὦ
699 3167 753 3229 διὰ
783 3167 998 3252 βραχυτάτων
1027 3169 1126 3228 εἰπεῖν
1155 3166 1350 3251 πειράσομαι
1374 3167 1418 3228 τὰ

316 3265 535 3351 πεπραγμένα,
549 3261 775 3346 [XXXXVII.]
788 3267 807 3327 3
822 3265 1053 3350 ἀκροάσασθαι
1069 3266 1140 3350 περὶ
1155 3265 1418 3350 τοῦπράγματος

316 3367 348 3439 ἐξ
380 3365 477 3449 ἀρχῆς
511 3361 659 3439 άπαντα,
693 3362 954 3446 [XXXXVIHI]
986 3367 1005 3427 4
1038 3364 1216 3442 ἀναγκαῖόν
1248 3389 1302 3442 μοι
1335 3366 1419 3426 δοκεῖ

316 3465 399 3528 εἶναι
421 3465 453 3538 ἐξ
476 3465 572 3550 ἀρχῆς
596 3461 732 3528 ἅπαντα
753 3466 972 3548 διηγήσασθαι
992 3469 1078 3545 ὑμῖν,
1108 3461 1171 3544 [h]
1201 3466 1418 3544 2ἀναγκαῑον

316 3564 352 3636 δή
369 3588 423 3645 μοι
442 3564 528 3625 δοκεῖ
549 3565 632 3628 εἶναι
654 3559 790 3626 ἅπαντα
813 3565 843 3638 ἐξ
867 3566 964 3649 ἀρχῆς
986 3565 1204 3644 διηγήσασθαι
1225 3566 1303 3644 πρὸς
1324 3569 1417 3645 ὑμᾶς,

313 3653 366 3735 (of.
378 3662 404 3743 ξ.
416 3665 453 3726 21
467 3664 522 3724 καὶ
537 3667 636 3724 ταῦθ’
653 3669 729 3745 ὑμῖν
744 3663 939 3747 διηγησάμην
955 3665 985 3738 ἐξ
1001 3662 1119 3748 ἀρχῆς),
1134 3661 1228 3745 [LII]
1242 3665 1260 3725 2
1276 3664 1307 3738 ἐξ
1322 3666 1418 3750 ἀρχῆς

315 3766 343 3824 δ’
359 3768 433 3842 ὑμῖν
450 3764 648 3842 διηγήσομαι,
665 3760 823 3843 [NIHIL]
843 3764 878 3823 lI
894 3766 990 3823 τοῦθ’
1006 3767 1081 3841 ὑμῖν
1097 3764 1253 3840 βούλομαι
1274 3766 1305 3836 έξ
1321 3765 1418 3849 ἀρχῆς

315 3865 448 3946 ἀκριβῶς
478 3862 641 3936 ἐπιδεῖξαι.
693 3862 752 3925 Oui
780 3862 894 3926 rationi
929 3861 990 3924 duo
1019 3860 1228 3925 aduersantnr
1262 3862 1332 3943 loci,
1365 3863 1418 3947 qni

315 3969 421 4027 tamen
450 3963 481 4025 in
510 3961 624 4047 spuriis
652 3969 779 4026 exstant
807 3962 1009 4038 orationibus,
1033 3943 1178 4043 [Innio
1202 3964 1418 4048 διηγήσασθαι

316 4065 393 4150 πρὸς
404 4068 484 4145 ὑμᾶς
498 4063 543 4122 τὰ
559 4064 590 4136 ἐξ
606 4064 703 4149 ἀρχῆς
719 4072 751 4126 et
766 4061 874 4144 [LVI]
888 4065 906 4124 4
922 4062 981 4134 τὴν
994 4065 1021 4122 δ’
1036 4063 1134 4147 ἀρχὴν
1145 4075 1205 4124 τοῦ
1216 4063 1417 4144 συμβολαίου

316 4163 485 4238 διεξελθεῖν
506 4166 582 4244 ὑμῖν
603 4177 732 4248 πρῶτον
754 4165 920 4244 βούλομαι.

325 4319 329 4327 ,
399 4262 595 4325 offendimus
623 4263 719 4326 etiam
747 4263 778 4324 in
808 4284 854 4344 eo,
887 4261 969 4344 quod
1003 4262 1169 4344 genetiuus
1203 4263 1255 4346 qni
1288 4269 1419 4324 uocatur
