3164 4932
732 356 1005 452 fies

300 535 455 620 significet
483 556 572 599 suam
601 555 696 618 seque
722 537 826 622 ipsum
854 537 1049 620 creditorem,
1078 539 1116 602 cf.
1138 538 1164 619 ξ.
1192 542 1230 604 18
1258 542 1297 604 τὸ
1326 546 1400 624 ἐμὸν

299 637 445 721 χρυσίον,
468 634 494 716 ξ.
516 638 556 699 22
579 637 631 698 ἐπὶ
651 650 720 710 τοῖς
742 639 826 718 ἐμοῖς
847 638 1014 723 χρήμασιν,
1036 637 1063 718 ἓ
1082 641 1120 702 31
1136 641 1215 720 ’ἐμοὶ
1235 649 1281 725 τῷ
1300 644 1401 706 δανεί-

299 759 407 808 σαντι,
441 757 512 800 cum
544 757 608 800 una
641 757 712 800 oum
745 735 923 822 Chrysippo
955 737 1102 802 uideatur
1133 741 1312 805 contulisse:
1345 743 1399 807 sed

298 835 393 900 ualde
423 835 499 899 mihi
532 835 661 900 dubium
690 843 747 918 est,
776 857 816 900 an
849 839 955 901 nemo‘
973 857 1112 920 unquam
1144 861 1177 904 re
1209 861 1287 904 uera
1315 842 1398 927 apud

298 936 415 1000 iudices
437 937 482 1000 ita
504 958 537 1000 se
563 937 697 1020 gesserit
718 945 773 1000 aut
802 956 942 1019 unquam
964 940 1089 1002 omnino
1110 940 1150 1002 sit
1176 948 1332 1023 gesturus,
1354 951 1398 1023 ut,

296 1037 419 1101 cumei
448 1037 542 1101 liceat
571 1038 610 1101 de
637 1044 704 1100 tota
726 1058 760 1101 re
788 1044 823 1100 ut
849 1038 888 1102 de
917 1059 974 1102 sua
996 1040 1091 1121 loqui,
1115 1041 1181 1106 sine
1209 1041 1275 1105 ulla
1303 1063 1412 1124 oausa-

297 1137 389 1202 mcdo
410 1139 455 1201 ita
477 1138 570 1218 dicat,
597 1144 633 1200 ut
655 1139 813 1223 particeps
835 1137 981 1202 uideatur
1003 1160 1071 1202 esse
1098 1141 1153 1220 rei,
1175 1141 1267 1205 modo
1290 1141 1342 1223 ita,
1362 1149 1398 1206 ut

297 1239 422 1302 omuino
444 1259 506 1304 non
527 1239 567 1302 ad
589 1239 702 1324 ipsum,
718 1238 773 1302 sed
790 1238 832 1303 ad
846 1239 981 1303 alterum
1002 1261 1053 1303 res
1069 1240 1216 1304 uideatur
1233 1244 1398 1327 pertinere,

296 1337 391 1425 idque
413 1339 540 1422 quidem
562 1340 670 1426 paucis
692 1340 957 1405 intercedentibus
983 1340 1097 1404 uerbis.
1139 1341 1243 1425 Magis
1264 1343 1398 1407 Nitsohii

296 1439 401 1524 placet
422 1441 511 1520 ratio,
526 1459 718 1522 quamquam
740 1461 779 1504 ne
801 1440 880 1504 haec
902 1439 1028 1522 quidem
1050 1448 1144 1505 uacat
1166 1441 1398 1524 offensionibus,

296 1541 395 1604 ueluti
422 1541 550 1605 minime
579 1541 731 1625 congruit,
756 1541 839 1623 quod
868 1541 975 1620 frater,
1002 1562 1073 1604 oum
1102 1541 1140 1606 de
1166 1549 1235 1612 tota
1262 1544 1396 1628 pecunia

294 1648 405 1706 mutua
426 1641 502 1705 data
524 1630 559 1705 ut
580 1642 619 1705 de
642 1664 699 1705 sua
721 1663 844 1724 semper
869 1643 1015 1722 loquatur
1037 1679 1077 1688 —-
1100 1642 1137 1706 of.
1159 1641 1185 1723 ξ.
1209 1645 1247 1705 18
1270 1645 1396 1729 μερισά-

294 1766 385 1821 μενος
406 1743 446 1805 τὸ
476 1743 550 1824 ἐμὸν
571 1745 722 1828 χρυσίον,
745 1740 771 1822 ξ.
794 1744 834 1805 22
857 1742 909 1805 ἐπὶ
936 1757 1005 1818 τοῖς
1032 1745 1116 1820 ἐμοῖς
1145 1743 1303 1827 χρήμασιν
1331 1746 1396 1805 ε’πι-

293 1842 522 1922 δανεισάμενος
534 1879 585 1924 —,
598 1843 638 1907 ab
654 1843 754 1908 altero
768 1863 839 1906 earn
854 1841 1005 1906 creditam
1018 1862 1086 1906 esse
1099 1841 1244 1921 affirmat,
1259 1841 1296 1905 cf.
1307 1840 1333 1922 ξ.
1345 1844 1393 1906 23.

378 1942 440 2007 Sed
462 1948 497 2006 ut
519 1943 700 2008 omittamus
722 1943 761 2007 de
783 1943 888 2007 dubiis
902 1942 951 2005 his
965 1942 1120 2027 uanisque
1142 1943 1298 2006 orationis.
1312 1943 1393 2006 inter

293 2050 415 2108 actores
429 2044 659 2127 dispertiendae
674 2043 847 2107 rationibus
857 2043 985 2107 uberius
1001 2042 1175 2128 disputare:
1191 2044 1217 2106 si
1231 2043 1392 2107 nobiscum

292 2163 358 2206 rem
390 2145 502 2208 acriter
530 2145 756 2228 reputabimus,
786 2144 963 2229 apparebit,
992 2163 1087 2226 quam
1114 2144 1238 2208 omnino
1265 2165 1325 2234 non
1352 2143 1392 2207 sit

291 2244 463 2329 probabilis
484 2246 556 2309 talis
579 2246 728 2308 orationis
746 2244 914 2309 distractio.
951 2243 1034 2318 Quid
1055 2245 1139 2306 enim
1162 2265 1276 2307 causae
1298 2250 1391 2329 putas

291 2366 369 2426 esse,
392 2367 447 2409 our
463 2345 665 2429 Chrysippus,
688 2347 713 2408 si
735 2345 827 2409 modo
846 2344 1030 2428 logographi
1052 2346 1106 2426 qui
1123 2344 1237 2408 dicitur
1254 2344 1401 2409 adeundi*

291 2447 454 2510 consilium
468 2448 559 2533 oepit,
581 2448 621 2511 ab
641 2468 678 2511 eo
693 2447 849 2531 petiuerit,
871 2452 905 2509 ut
921 2445 1149 2509 oratiunculam
1169 2466 1230 2509 uon
1249 2445 1306 2508 sibi
1322 2445 1389 2525 soli,

291 2547 346 2611 sed
363 2548 454 2612 alteri
469 2567 594 2632 quoque
610 2549 738 2612 alternis
752 2546 917 2611 dicendam
933 2546 1119 2610 conficeret?
1151 2545 1213 2609 Sed
1229 2546 1279 2609 iao
1293 2566 1389 2610 causa

290 2648 394 2712 neseio
416 2667 478 2730 qua
500 2648 671 2712 adductum
693 2671 764 2713 eum
788 2669 865 2728 esse,
891 2653 1012 2710 uttam
1034 2647 1226 2731 singularem
1248 2655 1389 2728 posceret

289 2769 370 2818 rem:
398 2771 474 2812 num
496 2747 742 2813 Demosthenem
764 2749 838 2812 huic
866 2747 997 2829 obsequi
1027 2747 1183 2810 studuisse
1211 2752 1314 2828 putas,
1341 2753 1388 2809 ut-

289 2857 362 2934 pote
388 2850 452 2931 qui,
481 2871 542 2934 quo
569 2857 709 2933 tempore
736 2849 814 2913 haec
841 2870 937 2911 causa
963 2855 1012 2911 est
1039 2853 1118 2926 acta,
1145 2867 1297 2909 summam
1326 2848 1387 2910 elo·

289 2951 436 3034 quentiae
465 2951 592 3014 laudem
621 2957 703 3014 esset
732 2950 939 3012 consecutus?
986 2947 1117 3010 Minime
1149 2946 1294 3027 equidem
1328 2947 1387 3010 hoc

288 3050 365 3114 mibi
380 3051 570 3135 persuadere
586 3072 721 3135 possum,
736 3049 922 3135 praesertim
941 3069 1013 3111 oum
1027 3047 1059 3110 in
1075 3047 1188 3110 ceteris
1200 3045 1386 3110 Demosthe-

287 3151 364 3214 nicis
387 3158 441 3214 aut
468 3151 498 3214 in
529 3152 673 3214 omnibus
702 3157 860 3214 oratorum
886 3149 1051 3216 atticorum
1081 3147 1274 3214 orationibus
1298 3148 1385 3210 nulla

287 3258 401 3332 exstet,
429 3272 509 3333 quae
532 3274 603 3315 cum
626 3252 685 3314 hao
708 3252 804 3336 possit
827 3249 1010 3332 comparari.
1052 3248 1102 3310 Ne
1125 3247 1195 3331 quis
1217 3247 1293 3310 mihi
1315 3269 1383 3311 ora·

286 3352 402 3414 tionem
421 3352 454 3415 in
471 3352 629 3416 Neaeram
652 3353 799 3436 scriptam
822 3351 944 3413 obiciat.
980 3349 1063 3412 Nam
1085 3349 1117 3411 in
1140 3348 1270 3410 haeres
1293 3348 1384 3411 aliter

286 3451 449 3515 sehabet:
473 3473 534 3515 non
557 3452 690 3534 saepius,
711 3451 767 3514 sed
790 3451 887 3514 semel
912 3455 1052 3513 actorum
1070 3449 1105 3511 fit
1127 3448 1260 3512 mutatio
1276 3468 1384 3530 eaque

190 3545 194 3554 ’
286 3553 412 3633 quidem
438 3553 530 3616 certis
551 3555 701 3638 probatur
730 3554 832 3615 causis
860 3557 956 3632 atque
981 3550 1027 3612 ita
1056 3555 1103 3611 cst
1131 3556 1322 3632 comparata,
1349 3556 1384 3612 ut

285 3674 376 3717 nemo
399 3654 531 3736 ignoret,
554 3654 637 3717 unde
659 3656 739 3717 alter
760 3654 844 3734 loqui
868 3652 996 3736 incipiat
1009 3648 1041 3730 ¹),
1063 3669 1144 3731 quae
1167 3650 1272 3713 omnia
1288 3651 1383 3736 plane

369 3817 389 3886 ¹)
407 3822 440 3873 cf.
459 3821 534 3875 Dem.
552 3839 589 3874 cr.
609 3819 743 3885 [evuin]
763 3819 832 3873 14..
847 3859 872 3873 ..
890 3817 989 3888 δέσμαι
1007 3807 1057 3869 οὖν
1076 3813 1162 3886 ὑμῶν,
1181 3807 1203 3867 ὦ
1221 3811 1246 3869 c'r'.
1263 3815 1299 3882 ιλ,
1312 3812 1383 3886 ἅπερ

283 3897 403 3972 ἡγοῦμαι
428 3899 574 3972 aporiatur
602 3903 732 3970 δεηθῆναι
759 3908 823 3956 νέον
848 3922 874 3956 τε
901 3898 967 3956 ὅντα
994 3905 1040 3954 καὶ
1067 3899 1186 3974 ἀπείρως
1210 3903 1308 3970 ἔχοντα
1335 3906 1383 3955 τοῦ

283 3990 381 4056 λέγειν,
401 3985 555 4060 συνήγορόν
566 4009 600 4060 με
614 3992 737 4044 κελεῦσαι
757 3992 868 4043 καλέσαι
887 3993 922 4057 τῷ
936 3987 1021 4057 ἀγῶνι
1037 3986 1121 4057 τούτῳ
1130 3985 1339 4060 Ἀπολλόδωρον
1351 4019 1382 4027 -

283 4082 309 4128 ct
322 4093 390 4144 quae
403 4077 437 4128 ab
450 4079 534 4131 altero
547 4079 691 4130 dictasunt
704 4080 790 4146 prima
801 4080 884 4131 uerba
896 4075 919 4144 ἓ.
933 4077 965 4130 16
979 4070 996 4128 ἃ
1007 4075 1061 4148 μὲν
1075 4075 1244 4147 ὶὸικρμένσς,
1259 4065 1281 4126 ὦ
1295 4070 1322 4128 c'i.
1334 4071 1381 4141 Ἀ,

285 4154 336 4210 ὑπὸ
354 4155 502 4227 Στεφάνου
526 4157 680 4227 ἀναβέβηκα
706 4157 901 4231 κατηγορήσων
919 4165 1039 4231 Νεαίρας
1064 4164 1184 4228 ταυτησὶ,
1210 4158 1383 4233 Θεόμνηστος

219 4315 221 4318 Ι
282 4249 369 4316 εἴρηκε
388 4244 457 4317 πρὸς
475 4242 554 4315 ὑμᾶς.
571 4243 607 4306 ὡς
618 4244 702 4299 δ’ἐστὶ
715 4250 777 4314 ξένη
793 4251 904 4318 Νέαιρα,
917 4279 949 4286 -
963 4251 1040 4300 τοῦτο
1056 4245 1121 4320 ὑμῖν
1132 4245 1266 4315 βούλομαι
1286 4249 1382 4316 σαφῶς

282 4331 424 4392 ἐπιδεῖξαι.
1311 4349 1314 4354 ·
