3164 4932
632 360 839 418 ..ῃψ

179 544 357 608 enuntiatis
395 542 523 606 minime
562 545 745 624 congruunt.
794 538 953 602 Praebent
992 545 1098 602 autem
1136 539 1289 605 eiusmodi

177 648 267 710 locos
297 665 356 708 orr.
377 642 499 707 XVIII.
527 645 546 706 6
575 642 651 716 ἀξιῶ
682 641 737 700 καὶ
758 638 872 720 δέομαι
899 638 1033 702 πάντων
1065 642 1178 722 ὁμοίως
1205 647 1289 724 ὑμῶν

179 747 327 807 ἀκοῦσαί
349 768 408 825 μου
428 742 576 827 περὶτῶν
596 739 855 826 κατηγορημένων
870 739 1134 820 ἀπολογουμένου
1151 741 1289 816 δικαίως,
1376 820 1380 826 ¹

178 844 323 910 XVIIII.
354 847 428 906 l...
458 843 612 922 δεήσομαι
645 839 678 902 δὲ
709 840 844 902 πάντων
875 843 970 920 ὐμῶν,
1008 832 1030 898 οἳ
1062 842 1116 900 καὶ
1148 854 1216 916 τοῖς
1250 843 1288 924 μὴ

180 949 325 1021 δεηθεῖσι
353 943 478 1006 δίκαιόν
508 944 596 1003 ἐστιν
623 939 789 1024 ὑπάρχειν,
819 941 887 1000 κτλ.
917 937 1007 1001 ΧΧῙ.
1035 941 1052 1002 ’ί
1089 941 1203 1019 δέομαι
1227 941 1289 1006 ,οὐν

181 1051 267 1128 ὐμῶν
294 1044 462 1116 ἁπάντων,
486 1040 508 1104 ῶ
531 1035 562 1102 ἄ.
586 1041 658 1114 δικ,
680 1039 733 1099 καὶ
761 1039 888 1100 ἱκετεύω
979 1042 1120 1116 εὐνοϊκῶς
1149 1041 1290 1102 ἀκοῦσαί

185 1171 246 1226 μου
273 1144 433 1230 λέγοντος,
464 1140 586 1205 XXIII.
619 1142 656 1202 19
685 1137 706 1201 οἳ
736 1139 772 1211 δὴ
802 1139 916 1218 δέομαί
943 1163 978 1202 τε
1007 1139 1062 1198 καὶ
1095 1139 1171 1213 ἀξιῶ
1196 1144 1289 1225 παρὰ

188 1244 319 1308 πάντων
340 1247 426 1323 ὐμῶν
451 1253 570 1324 τυχεῖν,
599 1239 719 1315 δίκαια,
747 1238 886 1302 XXVII.
914 1237 1071 1319 3δέομαι
1094 1240 1122 1301 δ’
1143 1243 1238 1318 ὐμῶν,
1266 1238 1290 1301 ω’

188 1343 219 1405 ἄ.
249 1347 317 1418 δικ,
347 1345 413 1425 μετ’
436 1340 561 1415 εὐνοίας
590 1339 625 1413 τέ
649 1364 709 1419 μου
740 1340 880 1400 ἀκοῦσαι
908 1339 964 1400 καὶ
985 1384 1028 1413 ..,
1052 1335 1247 1420 [XXVIIII]
1270 1342 1289 1402 4

186 1447 300 1524 δέομαι
318 1445 347 1504 δ’
362 1447 456 1522 ὐμῶν,
477 1439 499 1502 ῶ
514 1438 547 1503 δι’.
565 1441 636 1514 δικ,
659 1440 791 1502 δικαίαν
813 1437 929 1514 δέησιν,
946 1440 977 1512 ἐξ
992 1436 1065 1504 ἰ’σου
1087 1443 1168 1520 ἡμῶν
1187 1440 1290 1522 ἀμφο-

187 1545 281 1630 τέρων
303 1547 455 1614 ἀκούοαι,
485 1537 648 1620 [ΧΧΧΙΙ.]
679 1541 698 1602 3
732 1537 845 1618 δέομαι
867 1540 896 1598 δ’
921 1542 1003 1616 ὐμῶν
1032 1538 1176 1613 πάντων,
1205 1537 1229 1600 ὦ
1258 1536 1289 1600 ὐί.

190 1645 319 1717 δικ,
342 1653 512 1726 πμοςσχεῑν
533 1638 605 1716 (τὸν
627 1638 725 1717 νοῦν),
742 1635 922 1718 [XXXIII]
948 1640 985 1700 16
1008 1636 1122 1720 δέομαι
1144 1640 1176 1700 δὲ
1195 1646 1289 1720 ὑμῶν,

189 1739 250 1804 ῶοῖ.
273 1743 346 1816 δικ,
367 1741 413 1804 τὰ
436 1740 518 1822 μετὰ
539 1748 650 1801 ταῦτα
672 1737 850 1826 πραχθέντ’
871 1736 1012 1800 ἀκούσαί
1034 1762 1105 1816 μου,
1127 1737 1289 1820 [XXXV]

188 1847 207 1908 5
228 1844 284 1925 ἐγὼ
307 1845 335 1904 δ’
353 1848 437 1923 ὑμῶν
463 1841 585 1920 δέομαι,
607 1839 631 1902 οί
653 1837 684 1898 ἄ.
709 1841 780 1912 δικ,
803 1842 942 1912 εὐνοϊκῶς
969 1840 1110 1900 ἀκοῦσαί
1132 1865 1193 1921 μου
1220 1845 1290 1924 περὶ

187 1957 245 2005 του·
268 1944 458 2028 πράγματος
480 1942 627 2013 τουτουί,
643 1925 848 2004 XXXVIL3
871 1940 1027 2019 δεήσομαι
1049 1937 1154 2000 δὲκαὶ
1176 1940 1289 2028 μέτμια

190 2049 242 2108 καὶ
263 2045 373 2105 δίκαια
394 2046 478 2122 ὐμῶν
505 2039 673 2115 ἁπάντων,
696 2041 838 2123 ἀκοῦσαί
860 2040 895 2102 τέ
922 2064 1046 2115 μου...
1070 2043 1214 2116 εὐνοϊκῶς
1235 2043 1289 2102 καὶ

193 2191 250 2218 ,..,
270 2141 455 2206 XXXVIII.
478 2143 496 2202 2
525 2141 681 2220 δεήσομαι
702 2140 736 2202 δὲ
763 2130 817 2200 καὶ
839 2140 950 2201 δίκαια
980 2139 1035 2200 καὶ
1068 2139 1182 2223 μέτρια
1209 2143 1290 2223 ὐμῶν

193 2243 342 2305 ἁπάντων
437 2244 578 2313 εὐνοϊκῶς
602 2242 741 2302 ἀκοῦσαί
768 2264 827 2317 μου
850 2238 1009 2323 λέγοντος,
1031 2237 1083 2318 (of.
1099 2237 1126 2319 ξ.
1141 2241 1182 2303 28
1204 2243 1289 2320 ἡμεῖς

189 2347 270 2425 ὐμῶν
301 2341 468 2414 ἁπάντων,
495 2339 518 2402 ῶ
545 2336 575 2401 ε’ί.
606 2342 677 2412 δικ,
707 2338 844 2418 δεόμεθα
862 2388 885 2402 ..
902 2336 932 2418 .),
952 2336 1114 2419 [XXXX]
1137 2342 1157 2402 4
1179 2342 1290 2421 δέομαι

188 2443 246 2507 οὐν
267 2441 424 2504 ἁπάντων
446 2445 539 2522 ὑμῶν,
567 2438 589 2501 ῶ
613 2436 642 2500 ἄ.
666 2442 740 2513 δικ,
763 2443 831 2518 μετ’
854 2438 977 2514 εὐνοίας
1005 2441 1041 2500 τέ
1065 2465 1127 2521 μου
1152 2440 1290 2501 ἀκοῦσαι

187 2542 287 2617 αὐτοις
321 2540 406 2615 ὅπως
439 2539 481 2602 ἄν
513 2541 657 2619 δύνοιμαι
689 2537 837 2620 λέγοντος
870 2540 924 2599 καὶ
954 2585 1007 2613 ..,
1042 2536 1237 2620 [XXXXII.]
1270 2543 1289 2602 4

188 2641 302 2722 δέομαι
331 2641 390 2704 οὐν
420 2643 504 2718 ὐμῶν
536 2639 704 2711 ἁπάντων,
733 2637 755 2699 οὐ
785 2631 817 2698 οἷ’.
848 2640 919 2712 δικ,
1041 2640 1198 2720 βοηθῆσαί
1226 2665 1289 2722 μοι,

188 2739 401 2824 [ΧΧΧΧΙΙΙ.]
438 2741 457 2802 2
496 2739 636 2821 δεόμεθα
674 2737 732 2801 οὐν
770 2743 862 2818 ὑμῶν,
898 2737 921 2800 ῶ
964 2735 996 2800 ιί.
1039 2741 1112 2814 δικ,
1150 2742 1289 2815 εὐνοϊκῶς

186 2843 420 2930 ἀκροάσασθαι
441 2849 501 2903 τῶν
523 2839 705 2920 λεγομένοιν,
726 2837 992 2920 [ΧΧΧΧΙΠΙ.]3
1015 2839 1127 2919 δέομαι
1149 2841 1178 2900 δ’
1196 2843 1289 2920 ὐμῶν,

188 2942 210 3006 οὐ
240 2942 272 3004 ἄ.
303 2944 373 3016 δικ,
402 2943 561 3022 βοηθῆσαι
589 2947 635 3021 τῷ
661 2962 697 2998 τε
727 2941 829 3024 πατρὶ
856 2941 910 3000 καὶ
939 2941 1017 3018 ἐμοί,
1048 2927 1250 3020 [XXXXV.]·
1273 2944 1286 3003 l

187 3041 300 3124 δέομαι
322 3040 356 3101 δὲ
378 3040 512 3103 πάντων
532 3043 614 3120 ὐμῶν
639 3039 694 3100 καὶ
716 3039 842 3100 ίκετεύοι
865 3042 918 3099 καὶ
940 3042 1099 3118 ἀντιβολῶ
1193 3041 1290 3103 εὐνοϊ·

188 3153 244 3218 κῶς
265 3142 405 3202 ἀκοῦσαί
426 3165 498 3223 μου,
520 3136 749 3219 [XXXXVIL]
773 3140 792 3201 3
815 3138 926 3220 δέομαι
949 3140 982 3200 δὲ
1003 3143 1088 3220 ὐμῶν
1114 3139 1198 3220 κάγῶ
1222 3142 1300 3219 μετ’.

189 3242 311 3316 εὐνοίας
345 3265 406 3320 μου
441 3239 672 3324 ἀκροάσασθαι
704 3240 776 3326 περὶ
807 3246 870 3300 τού
902 3239 1095 3324 πράγματος
1128 3240 1160 3315 ἐξ
1194 3240 1290 3325 ἀρχῆς

189 3337 338 3416 ἅπαντα,
362 3336 644 3421 [XXXXVIII.]3
667 3338 779 3418 δέομαι
802 3337 859 3402 οὖν
880 3341 976 3417 ὐμῶν,
1004 3335 1077 3400 daci.
1102 3339 1174 3413 δικ,
1197 3339 1291 3399 ἀκού-

189 3464 313 3515 σαντας
336 3439 528 3526 ἀμφοτέροιν
550 3443 631 3521 ἡμῶν
648 3487 653 3499 .
668 3487 694 3502 ..
723 3436 927 3516 ἀποπέμψαι,
944 3435 1036 3518 [HL]
1055 3440 1075 3500 2
1097 3438 1210 3520 δέομαι
1234 3437 1291 3501 οὖν

188 3547 273 3622 ὐμῶν
394 3535 480 3601 οὕτω
508 3540 562 3601 καὶ
590 3547 648 3601 νῦν
676 3541 855 3622 διαγνῶναι,
888 3536 988 3601 LHII.
1016 3540 1035 3599 2
1064 3540 1140 3613 ἀξιῶ
1171 3538 1208 3610 δὴ
1237 3539 1292 3599 καὶ

189 3641 302 3718 δέομαι
329 3641 461 3703 πάντων
490 3640 602 3722 ὁμοίοις
629 3643 714 3718 ὐμῶν
737 3685 763 3699 ..
792 3640 935 3711 εὐνοϊκῶς
969 3637 1111 3700 ἀκοῦσαί
1138 3663 1198 3715 μου
1221 3639 1292 3723 περὶ

187 3741 227 3808 ῶν
248 3744 401 3804 πέπονθα
424 3740 582 3825 λέγοντος,
611 3737 677 3801 LV.
697 3740 715 3800 2
738 3740 853 3817 δέομαι
876 3738 912 3810 δὴ
935 3737 1070 3802 πάντων
1091 3743 1176 3820 ὐμῶν
1199 3739 1292 3799 ἀκοῦ-

191 3847 249 3906 σαί
272 3866 343 3922 μου,
373 3838 480 3920 [LVI]
511 3843 633 3920 4ὐμῶν
666 3839 734 3913 οὖν,
764 3837 787 3900 οὐ
816 3833 849 3899 ἄ.
876 3842 958 3913 Ἀθ,
990 3839 1103 3915 ὁμοίοις
1134 3838 1292 3900 ἁπάντων

191 3941 331 4023 δεόμεθα
359 3942 413 4001 καὶ
442 3941 621 4019 ἱκετεύομεν
649 3942 806 4020 βοηθῆσαι
838 3941 920 4019 ἡμῖν,
949 3936 1050 4000 LVII.
1080 3940 1094 3999 1
1124 3937 1235 4020 δέομαι
1263 3939 1291 3998 δ’

191 4042 348 4104 ἁπάντων
380 4046 474 4124 ὑμῶν,
512 4037 535 4101 ῶ
568 4035 599 4100 ἄ.
628 4041 700 4112 δικ,
732 4038 786 4098 καί
817 4039 943 4100 ἱκετεύω
976 4041 1031 4102 καὶ
1061 4037 1241 4116 ἀντιβολῶ.
1260 4081 1291 4097 ..

191 4145 331 4204 ἀκοῦσαι
353 4143 410 4202 καὶ
428 4144 508 4221 ἐμοῦ
531 4147 643 4225 σιωπῇ,
667 4135 845 4218 [LVIII.]3
867 4137 979 4217 δέομαι
1001 4134 1059 4198 οὐν
1076 4139 1160 4212 ὐμῶν
1187 4135 1292 4197 ἁπάν-

189 4266 266 4316 των,
289 4239 312 4302 ῶ
334 4237 366 4302 ἄ.
388 4240 472 4315 Ἀθ,
495 4238 550 4301 καὶ
572 4239 696 4302 ἱκετεύοι
719 4243 787 4319 μετ’
810 4237 933 4313 εὐνοίας
959 4236 1099 4298 ἀκοῦσαί
1121 4260 1191 4319 μου.
