3164 4932
763 396 969 456 *10-

91 601 94 615 ’
143 631 145 640 .
232 664 235 669 .
315 578 482 641 Blossium.
525 579 557 640 Is
578 600 619 641 ex
646 599 693 659 eo,
720 577 803 661 quod
829 579 861 640 in
887 577 913 658 ξ.
936 580 977 640 32
1002 579 1100 643 uerba
1123 577 1190 642 οἵδε
1217 583 1411 654 ἐποιήσαντο

314 679 471 761 leguntur,
494 699 575 762 quae
597 671 699 759 neq'ue
719 677 932 763 aOhrysippo
954 698 1057 762 neque
1079 701 1098 742 a
1120 679 1218 743 fratre
1239 679 1323 744 dieta
1345 703 1412 744 esse

314 784 453 863 possunt,
475 778 630 842 concludit
652 779 824 842 orationem
848 778 887 841 ab
909 779 1020 842 ultimo
1042 780 1129 843 initio
1151 781 1196 843 ita
1215 780 1313 844 fuisse
1331 802 1412 845 com-

252 963 254 966 ·
315 883 468 962 paratam,
495 884 531 941 ut
559 899 578 940 a
605 883 716 941 n'eutro
743 877 865 958 horum,
895 878 949 942 sed
978 899 998 941 a
1026 885 1158 963 patrono
1180 879 1294 964 aliquo,
1318 901 1412 965 quem

309 980 488 1063 ’συνήγορον
506 984 622 1041 uocant
637 977 760 1059 Graeci,
781 977 945 1058 diceretur,
966 984 997 1041 et
1012 984 1131 1064 postea,
1149 980 1203 1042 ubi
1219 979 1413 1066 Chrysippus

315 1100 385 1142 eam
407 1078 475 1160 ipse
496 1077 615 1142 habere
637 1079 855 1156 constituisset,
882 1100 954 1142 cum
980 1099 1058 1164 opus
1080 1086 1164 1160 esset
1185 1082 1413 1159 retractatione,

262 1227 265 1232 ,
314 1200 376 1242 non
409 1199 447 1241 ea
480 1200 543 1264 qua
576 1178 705 1242 deberet
741 1199 837 1262 opera
873 1184 968 1263 atque
1000 1177 1163 1257 diligentia
1195 1181 1412 1264 pronominum

314 1279 590 1342 commutationem
609 1299 677 1342 esse
696 1278 822 1360 factam,
839 1278 884 1341 ita
902 1284 937 1341 ut
955 1280 1081 1364 saepius
1098 1281 1224 1362 legatur
1241 1300 1413 1361 pronomen

313 1376 595 1443 demonstratiuum
616 1400 672 1464 pro
694 1379 851 1463 personali
873 1380 1063 1464 pronomine.
1106 1380 1210 1453 Quam
1233 1401 1292 1463 ego
1314 1382 1412 1464 expli·

314 1479 469 1544 sationem
492 1478 571 1542 adeo
599 1501 660 1542 non
682 1479 786 1560 reicio,
811 1485 846 1541 ut
868 1477 908 1541 ad
931 1499 1000 1542 eam
1022 1478 1269 1542 confirmandam
1290 1501 1412 1562 sperem

314 1579 432 1663 aliquid
454 1601 473 1642 a
495 1601 545 1642 me
574 1579 706 1643 conferri
727 1599 827 1661 posse.
871 1578 975 1652 Quid?
1002 1579 1133 1642 maximi
1154 1601 1257 1644 nonne
1280 1587 1327 1643 est
1348 1601 1412 1643 rno-

312 1680 421 1762 menti,
444 1679 527 1765 quod
545 1681 578 1742 in
593 1701 655 1742 uno
671 1679 845 1762 eodemque
858 1679 1052 1764 paragraphi
1066 1681 1235 1744 uicesimae
1250 1681 1413 1744 enuntiato

314 1788 345 1846 et
373 1780 538 1866 personale
566 1801 736 1866 pronomen
765 1817 806 1824 -
836 1781 1102 1862 ἀγανακτοῦντος
1130 1779 1163 1840 δέ
1192 1805 1264 1862 μου
1287 1783 1413 1842 ...καὶ

312 1879 533 1964 παρεχομένου
556 1881 632 1966 πρὸς
647 1875 713 1941 ’τὸν
728 1879 896 1952 διαιτητὴν
918 1879 976 1952 τὴν
994 1880 1095 1953 αὐτὴν
1113 1883 1302 1966 μαρτυρίαν,
1317 1879 1411 1965 ἥνπερ

312 1982 365 2041 καὶ
397 1989 456 2044 νῦν
488 1981 564 2068 πρὸς
597 1985 679 2062 ὑμᾶς
716 1979 966 2066 παρέχομαι,
999 1989 1061 2043 τῶν
1094 1981 1125 2053 ἐξ
1158 1983 1256 2062 ἀρχῆς
1287 1981 1412 2066 προςελ·

312 2079 440 2143 θόντιιν
468 2084 555 2161 αὐτῷ
576 2083 656 2160 psS’-
674 2083 758 2159 ἡμῶν
784 2117 824 2124 -
847 2084 878 2142 et
899 2077 1179 2142 demonstraturum
1197 2115 1238 2124 ·-
1260 2077 1413 2160 (ὁμολόγει

314 2181 369 2260 μὲν
397 2182 547 2266 εἰρηκέναι
574 2188 686 2240 ταῦτα
715 2179 793 2265 πρὸς
821 2189 975 2242 τοῦτον
996 2218 1036 2226 -
1060 2179 1101 2242 ad
1128 2178 1262 2243 eundem
1291 2185 1413 2264 spectat

313 2277 581 2365 Chrysippuml¹l
608 2279 778 2364 Reliquum
806 2284 861 2358 est,
888 2286 923 2342 ut
951 2283 982 2343 ἐν
1008 2289 1055 2363 τῷ
1080 2283 1162 2364 μέρει
1194 2279 1292 2342 uerba
1320 2300 1412 2362 para-

311 2380 427 2465 'graphi
448 2380 567 2465 primae
590 2380 662 2443 huic
684 2380 933 2465 interpretationi
955 2380 1083 2443 minime
1105 2379 1231 2443 obstare
1251 2399 1411 2444 moneam:

312 2481 352 2544 de
373 2499 492 2565 quare
520 2481 696 2544 accuratius
718 2481 839 2543 dicetur
861 2481 923 2543 alio
944 2482 1020 2544 loco.
1142 2525 1145 2536 .

395 2580 480 2644 Satis
506 2582 603 2664 igitur
628 2579 753 2644 uidetur
787 2601 941 2666 apparere
969 2581 1141 2644 orationem
1168 2578 1342 2642 XXXIIII.
1370 2580 1411 2643 ab

312 2703 374 2744 uno
396 2688 522 2745 auctore
545 2703 582 2745 eo
604 2681 730 2745 consilio
752 2703 821 2745 esse
843 2681 1060 2766 conscriptam,
1083 2687 1118 2742 ut
1145 2679 1185 2742 ab
1212 2670 1274 2742 uno
1297 2687 1411 2758 actore,

313 2803 374 2845 non
397 2803 415 2844 a
438 2781 560 2845 duobus
581 2780 666 2866 apud
688 2780 805 2844 iudices
827 2780 1006 2844 haberetur.

395 2881 569 2945 Veniamus
591 2902 673 2944 nunc

701 3029 745 3093 ad
769 3029 1021 3109 elocutionem,

312 3204 407 3266 quam
430 3183 483 3266 qui
499 3183 665 3265 diligenter
683 3182 921 3262 examinauerit,
943 3203 1005 3245 non
1020 3181 1176 3245 dubitabit
1198 3203 1313 3264 negare
1327 3181 1409 3244 hanc

292 3285 482 3350 ,orationem
505 3305 524 3346 a
545 3283 758 3346 Demosthene
781 3304 848 3346 esse
870 3283 1083 3365 compositam.
1410 3285 1412 3289 ’

395 3384 500 3468 Atque
522 3384 657 3466 primum
679 3383 805 3465 quidem

473 3517 518 3581 de
548 3517 707 3580 delectu
737 3523 774 3579 et
806 3521 1010 3579 structura
1038 3517 1247 3579 uerborum

311 3653 436 3716 uidetur
458 3672 525 3714 esse
540 3650 763 3715 disserendum.
796 3650 970 3735 Sequemur
985 3658 1090 3713 autem
1107 3652 1254 3714 orationis
1269 3650 1408 3714 ordinem

310 3754 342 3816 in
366 3751 585 3824 enumerandis
607 3753 660 3831 eis,
682 3772 764 3834 quae
786 3751 889 3814 aliena
912 3758 1024 3839 sunta
1046 3750 1268 3813 Demosthenis
1288 3773 1357 3838 usu.
1413 3812 1418 3826 ‚

232 3899 234 3907 ,
294 3926 297 3931 Ι
394 3852 419 3933 ξ.
437 3857 469 3916 l:
493 3853 611 3913 Δίκαια
625 3854 709 3931 ὑμῶν
728 3849 1065 3936 δεησόμεὲζοῖἄνδρες
1083 3851 1248 3926 δικασταὶ,
1269 3837 1408 3912 ἀκοῦσαι

309 3958 391 4032 ἡμῶν
425 3956 493 4032 μετ’
523 3953 646 4026 εὐνοίας
679 3955 710 4013 ἐν
741 3960 786 4034 τῷ
812 3948 893 4034 μέρει
926 3948 1096 4033 λεγόντωντ
1125 3950 1275 4013 nonnulla
1303 3950 1352 4012 llis
1376 3949 1408 4010 in

310 4053 415 4116 uerbis
451 4053 567 4131 insunt,
606 4070 687 4132 quae
724 4071 794 4112 oum
832 4049 984 4112 similibus
1022 4055 1195 4112 ceterarum
1234 4052 1407 4113 orationum

395 4225 414 4292 ¹)
432 4228 465 4278 ol'.
484 4225 505 4289 ξ,
529 4224 562 4278 35
585 4226 631 4275 καὶ
656 4219 670 4275 ὁ
694 4219 820 4294 Λάμπις,
845 4219 897 4274 ὅσα
920 4222 974 4293 μὲν
992 4217 1051 4274 εἶπε
1076 4219 1162 4292 πρὸς
1186 4221 1246 4294 ἐμὲ
1271 4225 1337 4293 πρὶν
1356 4219 1407 4274 ὑπὸ

310 4307 407 4362 ιοὺιου
426 4310 625 4378 διαφθαρῆναι,
646 4308 695 4362 οὐκ
714 4307 790 4370 ἐντὸς
808 4305 848 4361 ὥν
866 4307 949 4361 αὐτοῦ
968 4324 1053 4378 φησιν
1070 4311 1166 4360 εἰπεῖν.
