<?xml version="1.0" encoding="UTF-8"?>
<!DOCTYPE html PUBLIC "-//W3C//DTD XHTML 1.0 Transitional//EN"
    "http://www.w3.org/TR/xhtml1/DTD/xhtml1-transitional.dtd">
<html xmlns="http://www.w3.org/1999/xhtml" xml:lang="en" lang="en">
 <head>
  <title>
</title>
<meta http-equiv="Content-Type" content="text/html;charset=utf-8" />
  <meta name='ocr-system' content='tesseract 3.04.00' />
  <meta name='ocr-capabilities' content='ocr_page ocr_carea ocr_par ocr_line ocrx_word'/>
</head>
<body>
  <div class='ocr_page' id='page_1' title='image "./dedemosthenisqu01ottogoog_0011.png"; bbox 0 0 3164 4932; ppageno 0'>
   <div class='ocr_carea' id='block_1_1' title="bbox 745 384 930 444">
    <p class='ocr_par' dir='ltr' id='par_1_1' title="bbox 745 384 930 444">
     <span class='ocr_line' id='line_1_1' title="bbox 745 384 930 444; baseline -0.005 -22"><span class='ocrx_word' id='word_1_1' title='bbox 745 384 930 444; x_wconf 76' lang='lat'>-6..</span> 
     </span>
    </p>
   </div>
   <div class='ocr_carea' id='block_1_2' title="bbox 286 545 1391 3458">
    <p class='ocr_par' dir='ltr' id='par_1_2' title="bbox 286 545 1387 751">
     <span class='ocr_line' id='line_1_2' title="bbox 286 545 1387 649; baseline 0.002 -21"><span class='ocrx_word' id='word_1_2' title='bbox 286 564 451 628; x_wconf 88' lang='lat' dir='ltr'>Darestius</span> <span class='ocrx_word' id='word_1_3' title='bbox 472 564 511 628; x_wconf 91' lang='lat' dir='ltr'>de</span> <span class='ocrx_word' id='word_1_4' title='bbox 533 585 610 628; x_wconf 91' lang='lat' dir='ltr'>uera</span> <span class='ocrx_word' id='word_1_5' title='bbox 639 564 731 627; x_wconf 90' lang='lat' dir='ltr'>huius</span> <span class='ocrx_word' id='word_1_6' title='bbox 761 564 910 628; x_wconf 88' lang='lat' dir='ltr'>orationis</span> <span class='ocrx_word' id='word_1_7' title='bbox 938 565 1056 643; x_wconf 84' lang='lat' dir='ltr'>origine</span> <span class='ocrx_word' id='word_1_8' title='bbox 1085 545 1237 649; x_wconf 82' lang='lat' dir='ltr'>quaerere</span> <span class='ocrx_word' id='word_1_9' title='bbox 1263 567 1387 630; x_wconf 88' lang='lat' dir='ltr'>omnino</span> 
     </span>
     <span class='ocr_line' id='line_1_3' title="bbox 287 663 506 751; baseline 0 -23"><span class='ocrx_word' id='word_1_10' title='bbox 287 663 463 751; x_wconf 79' lang='lat' dir='ltr'>supersedit</span> <span class='ocrx_word' id='word_1_11' title='bbox 475 663 506 744; x_wconf 84' lang='lat'>¹).</span> 
     </span>
    </p>

    <p class='ocr_par' dir='ltr' id='par_1_3' title="bbox 286 764 1388 1851">
     <span class='ocr_line' id='line_1_4' title="bbox 370 764 1387 850; baseline 0.002 -22"><span class='ocrx_word' id='word_1_12' title='bbox 370 764 461 829; x_wconf 91' lang='lat' dir='ltr'>Haec</span> <span class='ocrx_word' id='word_1_13' title='bbox 490 765 555 829; x_wconf 80' lang='lat' dir='ltr'>fere</span> <span class='ocrx_word' id='word_1_14' title='bbox 584 765 817 850; x_wconf 90' lang='lat' dir='ltr'>praemonenda</span> <span class='ocrx_word' id='word_1_15' title='bbox 844 771 944 846; x_wconf 87' lang='lat' dir='ltr'>erant,</span> <span class='ocrx_word' id='word_1_16' title='bbox 974 771 1008 828; x_wconf 89' lang='lat' dir='ltr'>ut</span> <span class='ocrx_word' id='word_1_17' title='bbox 1030 764 1102 829; x_wconf 90' lang='lat' dir='ltr'>iude</span> <span class='ocrx_word' id='word_1_18' title='bbox 1131 787 1150 828; x_wconf 90' lang='lat' dir='ltr'>a</span> <span class='ocrx_word' id='word_1_19' title='bbox 1176 766 1278 850; x_wconf 91' lang='lat' dir='ltr'>primo</span> <span class='ocrx_word' id='word_1_20' title='bbox 1300 766 1387 831; x_wconf 87' lang='lat' dir='ltr'>initio</span> 
     </span>
     <span class='ocr_line' id='line_1_5' title="bbox 287 865 1386 951; baseline 0.001 -22"><span class='ocrx_word' id='word_1_21' title='bbox 287 871 370 930; x_wconf 91' lang='lat' dir='ltr'>esset</span> <span class='ocrx_word' id='word_1_22' title='bbox 395 865 605 951; x_wconf 89' lang='lat' dir='ltr'>perspicuum,</span> <span class='ocrx_word' id='word_1_23' title='bbox 633 885 769 947; x_wconf 91' lang='lat' dir='ltr'>quonam</span> <span class='ocrx_word' id='word_1_24' title='bbox 797 886 896 950; x_wconf 90' lang='lat' dir='ltr'>usque</span> <span class='ocrx_word' id='word_1_25' title='bbox 925 865 1064 928; x_wconf 89' lang='lat' dir='ltr'>uirorum</span> <span class='ocrx_word' id='word_1_26' title='bbox 1092 865 1254 930; x_wconf 89' lang='lat' dir='ltr'>doctorum</span> <span class='ocrx_word' id='word_1_27' title='bbox 1282 867 1386 930; x_wconf 88' lang='lat' dir='ltr'>studia</span> 
     </span>
     <span class='ocr_line' id='line_1_6' title="bbox 287 965 1387 1051; baseline 0.002 -23"><span class='ocrx_word' id='word_1_28' title='bbox 287 965 319 1028; x_wconf 93' lang='lat' dir='ltr'>in</span> <span class='ocrx_word' id='word_1_29' title='bbox 340 965 400 1029; x_wconf 90' lang='lat' dir='ltr'>hac</span> <span class='ocrx_word' id='word_1_30' title='bbox 421 966 562 1030; x_wconf 89' lang='lat' dir='ltr'>oratione</span> <span class='ocrx_word' id='word_1_31' title='bbox 590 965 791 1030; x_wconf 90' lang='lat' dir='ltr'>diiudicanda</span> <span class='ocrx_word' id='word_1_32' title='bbox 818 965 1050 1051; x_wconf 89' lang='lat' dir='ltr'>processissent.</span> <span class='ocrx_word' id='word_1_33' title='bbox 1093 966 1184 1041; x_wconf 82' lang='lat' dir='ltr'>Quae</span> <span class='ocrx_word' id='word_1_34' title='bbox 1211 988 1286 1030; x_wconf 87' lang='lat' dir='ltr'>curn</span> <span class='ocrx_word' id='word_1_35' title='bbox 1304 967 1387 1032; x_wconf 90' lang='lat' dir='ltr'>eius-</span> 
     </span>
     <span class='ocr_line' id='line_1_7' title="bbox 286 1065 1383 1147; baseline 0.001 -18"><span class='ocrx_word' id='word_1_36' title='bbox 286 1065 371 1130; x_wconf 88' lang='lat' dir='ltr'>modi</span> <span class='ocrx_word' id='word_1_37' title='bbox 394 1065 465 1147; x_wconf 89' lang='lat' dir='ltr'>sint,</span> <span class='ocrx_word' id='word_1_38' title='bbox 488 1072 523 1129; x_wconf 88' lang='lat' dir='ltr'>ut</span> <span class='ocrx_word' id='word_1_39' title='bbox 544 1067 757 1130; x_wconf 89' lang='lat' dir='ltr'>Horatianum</span> <span class='ocrx_word' id='word_1_40' title='bbox 784 1065 862 1129; x_wconf 91' lang='lat' dir='ltr'>illud</span> <span class='ocrx_word' id='word_1_41' title='bbox 897 1065 1019 1146; x_wconf 90' lang='lat' dir='ltr'>,adhuc</span> <span class='ocrx_word' id='word_1_42' title='bbox 1047 1066 1105 1129; x_wconf 90' lang='lat' dir='ltr'>sub</span> <span class='ocrx_word' id='word_1_43' title='bbox 1133 1066 1236 1131; x_wconf 90' lang='lat' dir='ltr'>iudice</span> <span class='ocrx_word' id='word_1_44' title='bbox 1258 1067 1296 1130; x_wconf 90' lang='lat' dir='ltr'>lis</span> <span class='ocrx_word' id='word_1_45' title='bbox 1318 1068 1383 1131; x_wconf 80' lang='lat' dir='ltr'>cst“</span> 
     </span>
     <span class='ocr_line' id='line_1_8' title="bbox 287 1164 1387 1252; baseline -0.001 -21"><span class='ocrx_word' id='word_1_46' title='bbox 287 1166 328 1231; x_wconf 87' lang='lat' dir='ltr'>ad</span> <span class='ocrx_word' id='word_1_47' title='bbox 350 1187 420 1230; x_wconf 91' lang='lat' dir='ltr'>eam</span> <span class='ocrx_word' id='word_1_48' title='bbox 443 1165 510 1231; x_wconf 90' lang='lat' dir='ltr'>fere</span> <span class='ocrx_word' id='word_1_49' title='bbox 532 1188 594 1231; x_wconf 93' lang='lat' dir='ltr'>non</span> <span class='ocrx_word' id='word_1_50' title='bbox 615 1167 678 1230; x_wconf 93' lang='lat' dir='ltr'>iam</span> <span class='ocrx_word' id='word_1_51' title='bbox 708 1167 807 1252; x_wconf 88' lang='lat' dir='ltr'>possit</span> <span class='ocrx_word' id='word_1_52' title='bbox 835 1165 988 1247; x_wconf 83' lang='lat' dir='ltr'>adhiberi,</span> <span class='ocrx_word' id='word_1_53' title='bbox 1011 1165 1103 1230; x_wconf 81' lang='lat' dir='ltr'>facile</span> <span class='ocrx_word' id='word_1_54' title='bbox 1126 1164 1210 1230; x_wconf 87' lang='lat' dir='ltr'>dicat</span> <span class='ocrx_word' id='word_1_55' title='bbox 1231 1167 1387 1250; x_wconf 82' lang='lat' dir='ltr'>quispiam</span> 
     </span>
     <span class='ocr_line' id='line_1_9' title="bbox 286 1266 1386 1352; baseline 0.001 -23"><span class='ocrx_word' id='word_1_56' title='bbox 286 1267 381 1352; x_wconf 90' lang='lat' dir='ltr'>plane</span> <span class='ocrx_word' id='word_1_57' title='bbox 413 1287 684 1349; x_wconf 89' lang='lat' dir='ltr'>superuacaneum</span> <span class='ocrx_word' id='word_1_58' title='bbox 711 1287 780 1331; x_wconf 87' lang='lat' dir='ltr'>esse</span> <span class='ocrx_word' id='word_1_59' title='bbox 812 1267 914 1331; x_wconf 90' lang='lat' dir='ltr'>dcnuo</span> <span class='ocrx_word' id='word_1_60' title='bbox 944 1266 983 1330; x_wconf 92' lang='lat' dir='ltr'>de</span> <span class='ocrx_word' id='word_1_61' title='bbox 1012 1266 1196 1350; x_wconf 81' lang='lat' dir='ltr'>quaestione</span> <span class='ocrx_word' id='word_1_62' title='bbox 1224 1267 1264 1329; x_wconf 90' lang='lat' dir='ltr'>ad</span> <span class='ocrx_word' id='word_1_63' title='bbox 1292 1267 1386 1330; x_wconf 89' lang='lat' dir='ltr'>finem</span> 
     </span>
     <span class='ocr_line' id='line_1_10' title="bbox 287 1365 1388 1453; baseline 0 -23"><span class='ocrx_word' id='word_1_64' title='bbox 287 1373 323 1430; x_wconf 90' lang='lat' dir='ltr'>ut</span> <span class='ocrx_word' id='word_1_65' title='bbox 344 1366 433 1430; x_wconf 90' lang='lat' dir='ltr'>aiunt</span> <span class='ocrx_word' id='word_1_66' title='bbox 456 1366 607 1452; x_wconf 86' lang='lat' dir='ltr'>perducta</span> <span class='ocrx_word' id='word_1_67' title='bbox 628 1366 813 1450; x_wconf 90' lang='lat' dir='ltr'>disceptare.</span> <span class='ocrx_word' id='word_1_68' title='bbox 850 1365 909 1430; x_wconf 86' lang='lat' dir='ltr'>Cui</span> <span class='ocrx_word' id='word_1_69' title='bbox 927 1367 1071 1449; x_wconf 92' lang='lat' dir='ltr'>equidem</span> <span class='ocrx_word' id='word_1_70' title='bbox 1094 1366 1290 1453; x_wconf 85' lang='lat' dir='ltr'>respondebo</span> <span class='ocrx_word' id='word_1_71' title='bbox 1311 1368 1388 1431; x_wconf 92' lang='lat' dir='ltr'>mihi</span> 
     </span>
     <span class='ocr_line' id='line_1_11' title="bbox 288 1466 1388 1552; baseline 0.002 -22"><span class='ocrx_word' id='word_1_72' title='bbox 288 1487 412 1552; x_wconf 90' lang='lat' dir='ltr'>quoque</span> <span class='ocrx_word' id='word_1_73' title='bbox 435 1487 516 1551; x_wconf 89' lang='lat' dir='ltr'>quae</span> <span class='ocrx_word' id='word_1_74' title='bbox 539 1467 598 1530; x_wconf 91' lang='lat' dir='ltr'>uiri</span> <span class='ocrx_word' id='word_1_75' title='bbox 618 1467 664 1530; x_wconf 93' lang='lat' dir='ltr'>illi</span> <span class='ocrx_word' id='word_1_76' title='bbox 693 1467 775 1532; x_wconf 87' lang='lat' dir='ltr'>docti</span> <span class='ocrx_word' id='word_1_77' title='bbox 803 1474 911 1531; x_wconf 88' lang='lat' dir='ltr'>contra</span> <span class='ocrx_word' id='word_1_78' title='bbox 933 1466 1210 1536; x_wconf 78' lang='lat' dir='ltr'>Demosthenicum</span> <span class='ocrx_word' id='word_1_79' title='bbox 1240 1469 1388 1532; x_wconf 89' lang='lat' dir='ltr'>orationis</span> 
     </span>
     <span class='ocr_line' id='line_1_12' title="bbox 288 1567 1387 1653; baseline 0.002 -23"><span class='ocrx_word' id='word_1_80' title='bbox 288 1567 440 1650; x_wconf 86' lang='lat' dir='ltr'>originem</span> <span class='ocrx_word' id='word_1_81' title='bbox 463 1567 660 1649; x_wconf 89' lang='lat' dir='ltr'>protulerunt</span> <span class='ocrx_word' id='word_1_82' title='bbox 682 1567 808 1650; x_wconf 91' lang='lat' dir='ltr'>probari</span> <span class='ocrx_word' id='word_1_83' title='bbox 829 1567 883 1630; x_wconf 85' lang='lat' dir='ltr'>illa</span> <span class='ocrx_word' id='word_1_84' title='bbox 899 1567 1025 1653; x_wconf 90' lang='lat' dir='ltr'>quidem</span> <span class='ocrx_word' id='word_1_85' title='bbox 1047 1574 1079 1631; x_wconf 87' lang='lat' dir='ltr'>et</span> <span class='ocrx_word' id='word_1_86' title='bbox 1100 1573 1253 1651; x_wconf 88' lang='lat' dir='ltr'>tanquam</span> <span class='ocrx_word' id='word_1_87' title='bbox 1275 1568 1387 1632; x_wconf 88' lang='lat' dir='ltr'>funda·</span> 
     </span>
     <span class='ocr_line' id='line_1_13' title="bbox 288 1665 1387 1751; baseline 0.004 -21"><span class='ocrx_word' id='word_1_88' title='bbox 288 1672 395 1731; x_wconf 90' lang='lat' dir='ltr'>menta</span> <span class='ocrx_word' id='word_1_89' title='bbox 422 1667 517 1731; x_wconf 84' lang='lat' dir='ltr'>totius</span> <span class='ocrx_word' id='word_1_90' title='bbox 546 1667 737 1751; x_wconf 85' lang='lat' dir='ltr'>quaestionis</span> <span class='ocrx_word' id='word_1_91' title='bbox 766 1688 844 1749; x_wconf 90' lang='lat' dir='ltr'>esse,</span> <span class='ocrx_word' id='word_1_92' title='bbox 873 1668 928 1731; x_wconf 91' lang='lat' dir='ltr'>sed</span> <span class='ocrx_word' id='word_1_93' title='bbox 958 1668 1147 1731; x_wconf 87' lang='lat' dir='ltr'>stabilienda</span> <span class='ocrx_word' id='word_1_94' title='bbox 1180 1665 1280 1732; x_wconf 91' lang='lat' dir='ltr'>uidcri</span> <span class='ocrx_word' id='word_1_95' title='bbox 1310 1690 1387 1750; x_wconf 89' lang='lat' dir='ltr'>esse,</span> 
     </span>
     <span class='ocr_line' id='line_1_14' title="bbox 289 1767 1262 1851; baseline 0.001 -21"><span class='ocrx_word' id='word_1_96' title='bbox 289 1788 350 1851; x_wconf 92' lang='lat' dir='ltr'>quo</span> <span class='ocrx_word' id='word_1_97' title='bbox 373 1767 495 1830; x_wconf 81' lang='lat' dir='ltr'>facilius</span> <span class='ocrx_word' id='word_1_98' title='bbox 518 1768 587 1831; x_wconf 87' lang='lat' dir='ltr'>aliis</span> <span class='ocrx_word' id='word_1_99' title='bbox 611 1767 848 1851; x_wconf 86' lang='lat' dir='ltr'>persuadeatur,</span> <span class='ocrx_word' id='word_1_100' title='bbox 870 1774 905 1831; x_wconf 92' lang='lat' dir='ltr'>ut</span> <span class='ocrx_word' id='word_1_101' title='bbox 926 1767 1088 1831; x_wconf 90' lang='lat' dir='ltr'>nobiscum</span> <span class='ocrx_word' id='word_1_102' title='bbox 1111 1768 1262 1832; x_wconf 82' lang='lat' dir='ltr'>factitant.</span> 
     </span>
    </p>

    <p class='ocr_par' dir='ltr' id='par_1_4' title="bbox 288 1867 1391 3458">
     <span class='ocr_line' id='line_1_15' title="bbox 372 1867 1388 1953; baseline 0.001 -23"><span class='ocrx_word' id='word_1_103' title='bbox 372 1867 478 1949; x_wconf 86' lang='lat' dir='ltr'>Atque</span> <span class='ocrx_word' id='word_1_104' title='bbox 500 1867 624 1931; x_wconf 87' lang='lat' dir='ltr'>initium</span> <span class='ocrx_word' id='word_1_105' title='bbox 653 1875 689 1932; x_wconf 89' lang='lat' dir='ltr'>ut</span> <span class='ocrx_word' id='word_1_106' title='bbox 716 1868 878 1952; x_wconf 85' lang='lat' dir='ltr'>capiamus</span> <span class='ocrx_word' id='word_1_107' title='bbox 900 1867 1085 1953; x_wconf 90' lang='lat' dir='ltr'>inquirendi,</span> <span class='ocrx_word' id='word_1_108' title='bbox 1114 1868 1347 1953; x_wconf 89' lang='lat' dir='ltr'>proficiscamur</span> <span class='ocrx_word' id='word_1_109' title='bbox 1369 1891 1388 1931; x_wconf 91' lang='lat' dir='ltr'>a</span> 
     </span>
     <span class='ocr_line' id='line_1_16' title="bbox 289 1967 1388 2052; baseline 0.001 -21"><span class='ocrx_word' id='word_1_110' title='bbox 289 1969 471 2049; x_wconf 90' lang='lat' dir='ltr'>quaestione</span> <span class='ocrx_word' id='word_1_111' title='bbox 490 1967 684 2049; x_wconf 87' lang='lat' dir='ltr'>difficillima,</span> <span class='ocrx_word' id='word_1_112' title='bbox 702 1967 742 2030; x_wconf 90' lang='lat' dir='ltr'>ad</span> <span class='ocrx_word' id='word_1_113' title='bbox 765 1988 860 2052; x_wconf 91' lang='lat' dir='ltr'>quarn</span> <span class='ocrx_word' id='word_1_114' title='bbox 882 1967 954 2031; x_wconf 92' lang='lat' dir='ltr'>inde</span> <span class='ocrx_word' id='word_1_115' title='bbox 975 1967 1015 2030; x_wconf 91' lang='lat' dir='ltr'>ab</span> <span class='ocrx_word' id='word_1_116' title='bbox 1038 1968 1175 2049; x_wconf 90' lang='lat' dir='ltr'>antiquis</span> <span class='ocrx_word' id='word_1_117' title='bbox 1196 1969 1388 2052; x_wconf 87' lang='lat' dir='ltr'>temporibus</span> 
     </span>
     <span class='ocr_line' id='line_1_17' title="bbox 288 2066 1388 2152; baseline 0 -21"><span class='ocrx_word' id='word_1_118' title='bbox 288 2067 448 2152; x_wconf 90' lang='lat' dir='ltr'>usquead</span> <span class='ocrx_word' id='word_1_119' title='bbox 469 2068 526 2130; x_wconf 93' lang='lat' dir='ltr'>hos</span> <span class='ocrx_word' id='word_1_120' title='bbox 547 2088 709 2152; x_wconf 89' lang='lat' dir='ltr'>supremos</span> <span class='ocrx_word' id='word_1_121' title='bbox 731 2089 830 2131; x_wconf 91' lang='lat' dir='ltr'>annos</span> <span class='ocrx_word' id='word_1_122' title='bbox 850 2067 910 2131; x_wconf 93' lang='lat' dir='ltr'>uiri</span> <span class='ocrx_word' id='word_1_123' title='bbox 932 2066 1015 2130; x_wconf 88' lang='lat' dir='ltr'>docti</span> <span class='ocrx_word' id='word_1_124' title='bbox 1036 2068 1155 2130; x_wconf 91' lang='lat' dir='ltr'>animos</span> <span class='ocrx_word' id='word_1_125' title='bbox 1177 2069 1229 2130; x_wconf 89' lang='lat' dir='ltr'>uel</span> <span class='ocrx_word' id='word_1_126' title='bbox 1249 2069 1388 2132; x_wconf 87' lang='lat' dir='ltr'>maxime</span> 
     </span>
     <span class='ocr_line' id='line_1_18' title="bbox 289 2155 1389 2253; baseline 0 -21"><span class='ocrx_word' id='word_1_127' title='bbox 289 2168 500 2248; x_wconf 87' lang='lat' dir='ltr'>attenderunt,</span> <span class='ocrx_word' id='word_1_128' title='bbox 521 2155 592 2231; x_wconf 84' lang='lat' dir='ltr'>curn</span> <span class='ocrx_word' id='word_1_129' title='bbox 614 2168 694 2231; x_wconf 90' lang='lat' dir='ltr'>alius</span> <span class='ocrx_word' id='word_1_130' title='bbox 715 2168 811 2231; x_wconf 88' lang='lat' dir='ltr'>aliam</span> <span class='ocrx_word' id='word_1_131' title='bbox 833 2167 1061 2253; x_wconf 89' lang='lat' dir='ltr'>persoluendac</span> <span class='ocrx_word' id='word_1_132' title='bbox 1082 2167 1276 2231; x_wconf 88' lang='lat' dir='ltr'>difficultatis</span> <span class='ocrx_word' id='word_1_133' title='bbox 1297 2168 1389 2232; x_wconf 89' lang='lat' dir='ltr'>iniret</span> 
     </span>
     <span class='ocr_line' id='line_1_19' title="bbox 288 2267 1388 2353; baseline 0 -21"><span class='ocrx_word' id='word_1_134' title='bbox 288 2269 451 2332; x_wconf 85' lang='lat' dir='ltr'>rationem.</span> <span class='ocrx_word' id='word_1_135' title='bbox 483 2268 662 2349; x_wconf 81' lang='lat' dir='ltr'>Quaeritur,</span> <span class='ocrx_word' id='word_1_136' title='bbox 685 2275 790 2332; x_wconf 88' lang='lat' dir='ltr'>utrum</span> <span class='ocrx_word' id='word_1_137' title='bbox 813 2269 854 2332; x_wconf 88' lang='lat' dir='ltr'>ab</span> <span class='ocrx_word' id='word_1_138' title='bbox 876 2290 938 2332; x_wconf 91' lang='lat' dir='ltr'>uno</span> <span class='ocrx_word' id='word_1_139' title='bbox 954 2267 1131 2353; x_wconf 81' lang='lat' dir='ltr'>Chrysippo</span> <span class='ocrx_word' id='word_1_140' title='bbox 1154 2290 1194 2332; x_wconf 91' lang='lat' dir='ltr'>an</span> <span class='ocrx_word' id='word_1_141' title='bbox 1216 2291 1235 2332; x_wconf 92' lang='lat' dir='ltr'>a</span> <span class='ocrx_word' id='word_1_142' title='bbox 1257 2268 1388 2350; x_wconf 90' lang='lat' dir='ltr'>duobus,</span> 
     </span>
     <span class='ocr_line' id='line_1_20' title="bbox 289 2367 1388 2454; baseline 0 -22"><span class='ocrx_word' id='word_1_143' title='bbox 289 2369 465 2454; x_wconf 78' lang='lat' dir='ltr'>Chrysippo</span> <span class='ocrx_word' id='word_1_144' title='bbox 488 2369 618 2453; x_wconf 89' lang='lat' dir='ltr'>eiusque</span> <span class='ocrx_word' id='word_1_145' title='bbox 640 2367 746 2449; x_wconf 82' lang='lat' dir='ltr'>fratre,</span> <span class='ocrx_word' id='word_1_146' title='bbox 767 2389 807 2432; x_wconf 89' lang='lat' dir='ltr'>an</span> <span class='ocrx_word' id='word_1_147' title='bbox 824 2390 843 2432; x_wconf 91' lang='lat' dir='ltr'>a</span> <span class='ocrx_word' id='word_1_148' title='bbox 858 2368 957 2432; x_wconf 90' lang='lat' dir='ltr'>tribus</span> <span class='ocrx_word' id='word_1_149' title='bbox 976 2368 1057 2431; x_wconf 91' lang='lat' dir='ltr'>hanc</span> <span class='ocrx_word' id='word_1_150' title='bbox 1077 2369 1250 2432; x_wconf 90' lang='lat' dir='ltr'>orationem</span> <span class='ocrx_word' id='word_1_151' title='bbox 1271 2369 1388 2433; x_wconf 90' lang='lat' dir='ltr'>dictam</span> 
     </span>
     <span class='ocr_line' id='line_1_21' title="bbox 289 2468 1389 2554; baseline 0 -21"><span class='ocrx_word' id='word_1_152' title='bbox 289 2491 358 2533; x_wconf 90' lang='lat' dir='ltr'>esse</span> <span class='ocrx_word' id='word_1_153' title='bbox 380 2491 573 2550; x_wconf 85' lang='lat' dir='ltr'>censeamus,</span> <span class='ocrx_word' id='word_1_154' title='bbox 594 2469 711 2554; x_wconf 90' lang='lat' dir='ltr'>quippe</span> <span class='ocrx_word' id='word_1_155' title='bbox 725 2469 757 2531; x_wconf 93' lang='lat' dir='ltr'>in</span> <span class='ocrx_word' id='word_1_156' title='bbox 772 2487 836 2550; x_wconf 90' lang='lat' dir='ltr'>qua</span> <span class='ocrx_word' id='word_1_157' title='bbox 856 2489 974 2531; x_wconf 90' lang='lat' dir='ltr'>nouum</span> <span class='ocrx_word' id='word_1_158' title='bbox 995 2468 1074 2532; x_wconf 90' lang='lat' dir='ltr'>illud</span> <span class='ocrx_word' id='word_1_159' title='bbox 1096 2474 1191 2553; x_wconf 90' lang='lat' dir='ltr'>atque</span> <span class='ocrx_word' id='word_1_160' title='bbox 1213 2469 1389 2534; x_wconf 89' lang='lat' dir='ltr'>inauditnm</span> 
     </span>
     <span class='ocr_line' id='line_1_22' title="bbox 289 2568 1388 2655; baseline 0.001 -23"><span class='ocrx_word' id='word_1_161' title='bbox 289 2570 354 2651; x_wconf 91' lang='lat' dir='ltr'>fiat,</span> <span class='ocrx_word' id='word_1_162' title='bbox 376 2576 412 2632; x_wconf 87' lang='lat' dir='ltr'>ut</span> <span class='ocrx_word' id='word_1_163' title='bbox 433 2569 459 2632; x_wconf 94' lang='lat' dir='ltr'>is</span> <span class='ocrx_word' id='word_1_164' title='bbox 482 2590 576 2655; x_wconf 92' lang='lat' dir='ltr'>quem</span> <span class='ocrx_word' id='word_1_165' title='bbox 597 2569 684 2632; x_wconf 90' lang='lat' dir='ltr'>initio</span> <span class='ocrx_word' id='word_1_166' title='bbox 705 2570 809 2652; x_wconf 90' lang='lat' dir='ltr'>ipsum</span> <span class='ocrx_word' id='word_1_167' title='bbox 824 2569 923 2632; x_wconf 91' lang='lat' dir='ltr'>ucrba</span> <span class='ocrx_word' id='word_1_168' title='bbox 943 2568 1047 2632; x_wconf 86' lang='lat' dir='ltr'>facere</span> <span class='ocrx_word' id='word_1_169' title='bbox 1061 2568 1205 2632; x_wconf 89' lang='lat' dir='ltr'>uidemus</span> <span class='ocrx_word' id='word_1_170' title='bbox 1220 2605 1256 2612; x_wconf 92' lang='grc'>-</span> <span class='ocrx_word' id='word_1_171' title='bbox 1275 2570 1313 2632; x_wconf 85' lang='lat' dir='ltr'>cf.</span> <span class='ocrx_word' id='word_1_172' title='bbox 1328 2569 1388 2650; x_wconf 78' lang='lat'>§.6</span> 
     </span>
     <span class='ocr_line' id='line_1_23' title="bbox 288 2669 1388 2755; baseline 0.001 -23"><span class='ocrx_word' id='word_1_173' title='bbox 288 2670 345 2750; x_wconf 79' lang='grc' dir='ltr'>ἐγὼ</span> <span class='ocrx_word' id='word_1_174' title='bbox 368 2669 528 2745; x_wconf 73' lang='grc' dir='ltr'><strong><em>ἐδάνεισα,</em></strong></span> <span class='ocrx_word' id='word_1_175' title='bbox 551 2670 591 2733; x_wconf 91' lang='lat' dir='ltr'>al.</span> <span class='ocrx_word' id='word_1_176' title='bbox 612 2707 653 2715; x_wconf 93' lang='lat'>—</span> <span class='ocrx_word' id='word_1_177' title='bbox 675 2669 761 2733; x_wconf 89' lang='lat' dir='ltr'>haud</span> <span class='ocrx_word' id='word_1_178' title='bbox 782 2670 881 2732; x_wconf 90' lang='lat' dir='ltr'>multo</span> <span class='ocrx_word' id='word_1_179' title='bbox 910 2675 981 2754; x_wconf 90' lang='lat' dir='ltr'>post</span> <span class='ocrx_word' id='word_1_180' title='bbox 1010 2669 1122 2732; x_wconf 88' lang='lat' dir='ltr'>tertiae</span> <span class='ocrx_word' id='word_1_181' title='bbox 1145 2690 1297 2753; x_wconf 89' lang='lat' dir='ltr'>personae</span> <span class='ocrx_word' id='word_1_182' title='bbox 1319 2693 1388 2755; x_wconf 93' lang='lat' dir='ltr'>pro·</span> 
     </span>
     <span class='ocr_line' id='line_1_24' title="bbox 288 2769 1388 2850; baseline -0.003 -15"><span class='ocrx_word' id='word_1_183' title='bbox 288 2771 413 2835; x_wconf 89' lang='lat' dir='ltr'>nomine</span> <span class='ocrx_word' id='word_1_184' title='bbox 449 2771 546 2834; x_wconf 90' lang='lat' dir='ltr'>scmel</span> <span class='ocrx_word' id='word_1_185' title='bbox 584 2771 739 2834; x_wconf 86' lang='lat' dir='ltr'>iterumue</span> <span class='ocrx_word' id='word_1_186' title='bbox 781 2770 973 2849; x_wconf 87' lang='lat' dir='ltr'>significetur</span> <span class='ocrx_word' id='word_1_187' title='bbox 1008 2805 1049 2813; x_wconf 93' lang='lat'>—</span> <span class='ocrx_word' id='word_1_188' title='bbox 1085 2770 1122 2833; x_wconf 86' lang='lat' dir='ltr'>cf.</span> <span class='ocrx_word' id='word_1_189' title='bbox 1159 2769 1185 2850; x_wconf 67' lang='grc' dir='ltr'>ξ.</span> <span class='ocrx_word' id='word_1_190' title='bbox 1217 2772 1257 2834; x_wconf 81' lang='grc'>23</span> <span class='ocrx_word' id='word_1_191' title='bbox 1293 2772 1388 2845; x_wconf 79' lang='grc' dir='ltr'><strong><em>οὗτος</em></strong></span> 
     </span>
     <span class='ocr_line' id='line_1_25' title="bbox 290 2869 1389 2955; baseline -0.002 -21"><span class='ocrx_word' id='word_1_192' title='bbox 290 2873 460 2946; x_wconf 81' lang='grc' dir='ltr'><strong><em>ἐδάνεισεν,</em></strong></span> <span class='ocrx_word' id='word_1_193' title='bbox 494 2872 534 2934; x_wconf 89' lang='lat' dir='ltr'>al.</span> <span class='ocrx_word' id='word_1_194' title='bbox 590 2871 696 2955; x_wconf 86' lang='lat' dir='ltr'>Atque</span> <span class='ocrx_word' id='word_1_195' title='bbox 728 2870 863 2955; x_wconf 90' lang='lat' dir='ltr'>primurn</span> <span class='ocrx_word' id='word_1_196' title='bbox 896 2869 1056 2950; x_wconf 90' lang='lat' dir='ltr'>Libanius,</span> <span class='ocrx_word' id='word_1_197' title='bbox 1090 2889 1184 2952; x_wconf 90' lang='lat' dir='ltr'>quem</span> <span class='ocrx_word' id='word_1_198' title='bbox 1217 2877 1389 2955; x_wconf 89' lang='lat' dir='ltr'>sequuntur</span> 
     </span>
     <span class='ocr_line' id='line_1_26' title="bbox 290 2969 1387 3052; baseline -0.003 -17"><span class='ocrx_word' id='word_1_199' title='bbox 290 2969 558 3052; x_wconf 83' lang='lat' dir='ltr'>Schoemannus²)</span> <span class='ocrx_word' id='word_1_200' title='bbox 577 2978 608 3035; x_wconf 92' lang='lat' dir='ltr'>ct</span> <span class='ocrx_word' id='word_1_201' title='bbox 622 2971 661 3034; x_wconf 87' lang='grc' dir='ltr'>Α.</span> <span class='ocrx_word' id='word_1_202' title='bbox 676 2970 713 3034; x_wconf 77' lang='lat' dir='ltr'>Cr.</span> <span class='ocrx_word' id='word_1_203' title='bbox 728 2970 890 3033; x_wconf 89' lang='lat' dir='ltr'>Beckerus</span> <span class='ocrx_word' id='word_1_204' title='bbox 899 2969 933 3050; x_wconf 84' lang='lat'>³),</span> <span class='ocrx_word' id='word_1_205' title='bbox 953 2970 984 3032; x_wconf 94' lang='lat' dir='ltr'>in</span> <span class='ocrx_word' id='word_1_206' title='bbox 1005 2978 1191 3052; x_wconf 88' lang='lat' dir='ltr'>argumento</span> <span class='ocrx_word' id='word_1_207' title='bbox 1208 2971 1254 3033; x_wconf 88' lang='lat' dir='ltr'>ita</span> <span class='ocrx_word' id='word_1_208' title='bbox 1275 2971 1387 3033; x_wconf 90' lang='lat' dir='ltr'>diuidit</span> 
     </span>
     <span class='ocr_line' id='line_1_27' title="bbox 289 3069 1384 3155; baseline -0.004 -19"><span class='ocrx_word' id='word_1_209' title='bbox 289 3072 471 3153; x_wconf 87' lang='lat' dir='ltr'>orationem,</span> <span class='ocrx_word' id='word_1_210' title='bbox 506 3079 541 3134; x_wconf 94' lang='lat' dir='ltr'>ut</span> <span class='ocrx_word' id='word_1_211' title='bbox 572 3071 708 3154; x_wconf 91' lang='lat' dir='ltr'>priorem</span> <span class='ocrx_word' id='word_1_212' title='bbox 735 3077 858 3154; x_wconf 91' lang='lat' dir='ltr'>partem</span> <span class='ocrx_word' id='word_1_213' title='bbox 887 3091 986 3154; x_wconf 89' lang='lat' dir='ltr'>usquc</span> <span class='ocrx_word' id='word_1_214' title='bbox 1015 3069 1056 3133; x_wconf 91' lang='lat' dir='ltr'>ad</span> <span class='ocrx_word' id='word_1_215' title='bbox 1084 3070 1319 3155; x_wconf 80' lang='lat' dir='ltr'>paragraphum</span> <span class='ocrx_word' id='word_1_216' title='bbox 1348 3073 1384 3132; x_wconf 82' lang='grc'>21</span> 
     </span>
     <span class='ocr_line' id='line_1_28' title="bbox 289 3169 1389 3258; baseline -0.004 -22"><span class='ocrx_word' id='word_1_217' title='bbox 289 3173 497 3258; x_wconf 85' lang='lat' dir='ltr'>pertinentem</span> <span class='ocrx_word' id='word_1_218' title='bbox 513 3171 688 3256; x_wconf 80' lang='lat' dir='ltr'>Chrysippo</span> <span class='ocrx_word' id='word_1_219' title='bbox 710 3176 742 3234; x_wconf 89' lang='lat' dir='ltr'>et</span> <span class='ocrx_word' id='word_1_220' title='bbox 764 3189 845 3251; x_wconf 90' lang='lat' dir='ltr'>quae</span> <span class='ocrx_word' id='word_1_221' title='bbox 868 3169 941 3232; x_wconf 91' lang='lat' dir='ltr'>inde</span> <span class='ocrx_word' id='word_1_222' title='bbox 962 3191 982 3232; x_wconf 93' lang='lat' dir='ltr'>a</span> <span class='ocrx_word' id='word_1_223' title='bbox 997 3170 1100 3234; x_wconf 88' lang='lat' dir='ltr'>uerbis</span> <span class='ocrx_word' id='word_1_224' title='bbox 1122 3172 1263 3246; x_wconf 81' lang='grc' dir='ltr'><strong><em>ἀκούσας</em></strong></span> <span class='ocrx_word' id='word_1_225' title='bbox 1277 3173 1389 3234; x_wconf 83' lang='grc' dir='ltr'><strong><em>τοίνυν</em></strong></span> 
     </span>
     <span class='ocr_line' id='line_1_29' title="bbox 288 3269 1391 3355; baseline 0 -22"><span class='ocrx_word' id='word_1_226' title='bbox 288 3278 369 3353; x_wconf 80' lang='grc' dir='ltr'><strong><em>ἡμῶν</em></strong></span> <span class='ocrx_word' id='word_1_227' title='bbox 397 3273 546 3355; x_wconf 89' lang='lat' dir='ltr'>leguntur</span> <span class='ocrx_word' id='word_1_228' title='bbox 583 3271 674 3335; x_wconf 89' lang='lat' dir='ltr'>alteri</span> <span class='ocrx_word' id='word_1_229' title='bbox 708 3269 870 3349; x_wconf 73' lang='lat' dir='ltr'>tribuat4).</span> <span class='ocrx_word' id='word_1_230' title='bbox 919 3269 1067 3334; x_wconf 86' lang='lat' dir='ltr'>Reiskius</span> <span class='ocrx_word' id='word_1_231' title='bbox 1101 3271 1173 3334; x_wconf 92' lang='lat' dir='ltr'>huic</span> <span class='ocrx_word' id='word_1_232' title='bbox 1205 3277 1269 3334; x_wconf 91' lang='lat' dir='ltr'>tres</span> <span class='ocrx_word' id='word_1_233' title='bbox 1304 3271 1391 3333; x_wconf 89' lang='lat' dir='ltr'>addit</span> 
     </span>
     <span class='ocr_line' id='line_1_30' title="bbox 289 3370 1388 3458; baseline -0.002 -22"><span class='ocrx_word' id='word_1_234' title='bbox 289 3373 516 3458; x_wconf 78' lang='lat' dir='ltr'>paragraphus,</span> <span class='ocrx_word' id='word_1_235' title='bbox 550 3379 585 3437; x_wconf 88' lang='lat' dir='ltr'>ut</span> <span class='ocrx_word' id='word_1_236' title='bbox 621 3372 688 3436; x_wconf 90' lang='lat' dir='ltr'>eius</span> <span class='ocrx_word' id='word_1_237' title='bbox 724 3371 826 3457; x_wconf 90' lang='lat' dir='ltr'>prima</span> <span class='ocrx_word' id='word_1_238' title='bbox 862 3370 962 3434; x_wconf 87' lang='lat' dir='ltr'>uerba</span> <span class='ocrx_word' id='word_1_239' title='bbox 997 3371 1058 3434; x_wconf 87' lang='lat' dir='ltr'>sint</span> <span class='ocrx_word' id='word_1_240' title='bbox 1093 3371 1125 3434; x_wconf 89' lang='lat' dir='ltr'>in</span> <span class='ocrx_word' id='word_1_241' title='bbox 1158 3370 1184 3450; x_wconf 66' lang='grc' dir='ltr'>ἕ.</span> <span class='ocrx_word' id='word_1_242' title='bbox 1221 3374 1258 3433; x_wconf 87' lang='grc'>18</span> <span class='ocrx_word' id='word_1_243' title='bbox 1294 3371 1388 3434; x_wconf 93' lang='lat' dir='ltr'>haec:</span> 
     </span>
    </p>
   </div>
   <div class='ocr_carea' id='block_1_3' title="bbox 289 3546 1392 4378">
    <p class='ocr_par' dir='ltr' id='par_1_5' title="bbox 315 3546 1389 3682">
     <span class='ocr_line' id='line_1_31' title="bbox 374 3546 1389 3616; baseline -0.003 -15"><span class='ocrx_word' id='word_1_244' title='bbox 374 3547 392 3611; x_wconf 90' lang='lat'>¹)</span> <span class='ocrx_word' id='word_1_245' title='bbox 413 3551 466 3614; x_wconf 86' lang='lat' dir='ltr'>,les</span> <span class='ocrx_word' id='word_1_246' title='bbox 483 3549 634 3616; x_wconf 87' lang='lat' dir='ltr'>plaidoyera</span> <span class='ocrx_word' id='word_1_247' title='bbox 652 3548 727 3600; x_wconf 87' lang='lat' dir='ltr'>civils</span> <span class='ocrx_word' id='word_1_248' title='bbox 745 3548 778 3600; x_wconf 89' lang='lat' dir='ltr'>de</span> <span class='ocrx_word' id='word_1_249' title='bbox 796 3546 983 3609; x_wconf 75' lang='lat' dir='ltr'>Demosthene,</span> <span class='ocrx_word' id='word_1_250' title='bbox 1001 3547 1113 3598; x_wconf 89' lang='lat' dir='ltr'>traduits</span> <span class='ocrx_word' id='word_1_251' title='bbox 1131 3565 1164 3599; x_wconf 89' lang='lat' dir='ltr'>en</span> <span class='ocrx_word' id='word_1_252' title='bbox 1182 3547 1306 3613; x_wconf 80' lang='lat' dir='ltr'>sranqais,</span> <span class='ocrx_word' id='word_1_253' title='bbox 1325 3565 1389 3599; x_wconf 86' lang='lat' dir='ltr'>aveo</span> 
     </span>
     <span class='ocr_line' id='line_1_32' title="bbox 315 3626 1053 3682; baseline 0 0"><span class='ocrx_word' id='word_1_254' title='bbox 315 3649 320 3661; x_wconf 90' lang='lat'><strong>·</strong></span> <span class='ocrx_word' id='word_1_255' title='bbox 583 3627 594 3652; x_wconf 84' lang='lat'>“</span> <span class='ocrx_word' id='word_1_256' title='bbox 662 3630 683 3680; x_wconf 90' lang='lat' dir='ltr'>ri</span> <span class='ocrx_word' id='word_1_257' title='bbox 748 3627 782 3680; x_wconf 83' lang='lat'>75</span> <span class='ocrx_word' id='word_1_258' title='bbox 806 3629 898 3682; x_wconf 92' lang='lat' dir='ltr'>uo.I.</span> <span class='ocrx_word' id='word_1_259' title='bbox 936 3626 1053 3682; x_wconf 81' lang='lat' dir='ltr'>a.293.</span> 
     </span>
    </p>

    <p class='ocr_par' dir='ltr' id='par_1_6' title="bbox 289 3629 1389 3867">
     <span class='ocr_line' id='line_1_33' title="bbox 290 3629 1389 3778; baseline -0.002 -13"><span class='ocrx_word' id='word_1_260' title='bbox 290 3635 580 3778; x_wconf 48' lang='lat' dir='ltr'>fflsfflqynyyesstrnyyyy</span> <span class='ocrx_word' id='word_1_261' title='bbox 597 3629 789 3777; x_wconf 50' lang='grc' dir='ltr'>181τζ11οιξτῐιῖιῗιιι,’</span> <span class='ocrx_word' id='word_1_262' title='bbox 813 3631 874 3776; x_wconf 68' lang='lat' dir='ltr'>,dler</span> <span class='ocrx_word' id='word_1_263' title='bbox 902 3645 1015 3764; x_wconf 59' lang='lat' dir='ltr'>althidche</span> <span class='ocrx_word' id='word_1_264' title='bbox 1044 3709 1177 3776; x_wconf 70' lang='lat' dir='ltr'>Pr’ocoss“,</span> <span class='ocrx_word' id='word_1_265' title='bbox 1206 3713 1287 3764; x_wconf 89' lang='lat' dir='ltr'>Halle</span> <span class='ocrx_word' id='word_1_266' title='bbox 1317 3709 1389 3776; x_wconf 70' lang='lat'>1824,</span> 
     </span>
     <span class='ocr_line' id='line_1_34' title="bbox 289 3794 556 3867; baseline -0.007 -18"><span class='ocrx_word' id='word_1_267' title='bbox 289 3815 351 3867; x_wconf 90' lang='lat' dir='ltr'>pag.</span> <span class='ocrx_word' id='word_1_268' title='bbox 368 3795 426 3851; x_wconf 86' lang='lat'>711.</span> <span class='ocrx_word' id='word_1_269' title='bbox 444 3802 498 3850; x_wconf 87' lang='lat' dir='ltr'>not.</span> <span class='ocrx_word' id='word_1_270' title='bbox 515 3794 556 3849; x_wconf 80' lang='lat'>22.</span> 
     </span>
    </p>

    <p class='ocr_par' dir='ltr' id='par_1_7' title="bbox 290 3877 1389 4034">
     <span class='ocr_line' id='line_1_35' title="bbox 372 3877 1389 3948; baseline -0.004 -14"><span class='ocrx_word' id='word_1_271' title='bbox 372 3881 393 3944; x_wconf 80' lang='lat'>⁸)</span> <span class='ocrx_word' id='word_1_272' title='bbox 413 3883 620 3947; x_wconf 83' lang='lat' dir='ltr'>,Demosthenes</span> <span class='ocrx_word' id='word_1_273' title='bbox 637 3883 677 3933; x_wconf 86' lang='lat' dir='ltr'>als</span> <span class='ocrx_word' id='word_1_274' title='bbox 695 3881 866 3933; x_wconf 86' lang='lat' dir='ltr'>Staatsrnann</span> <span class='ocrx_word' id='word_1_275' title='bbox 884 3881 938 3931; x_wconf 92' lang='lat' dir='ltr'>und</span> <span class='ocrx_word' id='word_1_276' title='bbox 956 3877 1086 3943; x_wconf 83' lang='lat' dir='ltr'>Itedner“,</span> <span class='ocrx_word' id='word_1_277' title='bbox 1111 3881 1190 3933; x_wconf 87' lang='lat' dir='ltr'>Hallc</span> <span class='ocrx_word' id='word_1_278' title='bbox 1207 3882 1263 3932; x_wconf 92' lang='lat' dir='ltr'>und</span> <span class='ocrx_word' id='word_1_279' title='bbox 1281 3881 1389 3948; x_wconf 85' lang='lat' dir='ltr'>Leipzig</span> 
     </span>
     <span class='ocr_line' id='line_1_36' title="bbox 290 3963 586 4034; baseline 0.003 -19"><span class='ocrx_word' id='word_1_280' title='bbox 290 3963 363 4029; x_wconf 86' lang='lat'>1815,</span> <span class='ocrx_word' id='word_1_281' title='bbox 382 3983 442 4034; x_wconf 86' lang='lat' dir='ltr'>pag.</span> <span class='ocrx_word' id='word_1_282' title='bbox 461 3964 511 4017; x_wconf 79' lang='lat'>426</span> <span class='ocrx_word' id='word_1_283' title='bbox 528 3983 586 4033; x_wconf 88' lang='lat' dir='ltr'>prx.</span> 
     </span>
    </p>

    <p class='ocr_par' dir='ltr' id='par_1_8' title="bbox 290 4041 1392 4378">
     <span class='ocr_line' id='line_1_37' title="bbox 373 4041 1388 4118; baseline -0.008 -16"><span class='ocrx_word' id='word_1_284' title='bbox 373 4048 394 4113; x_wconf 84' lang='lat'>⁴)</span> <span class='ocrx_word' id='word_1_285' title='bbox 412 4066 473 4118; x_wconf 88' lang='lat' dir='ltr'>pag.</span> <span class='ocrx_word' id='word_1_286' title='bbox 494 4047 553 4113; x_wconf 82' lang='lat'>906,</span> <span class='ocrx_word' id='word_1_287' title='bbox 575 4046 606 4100; x_wconf 85' lang='grc'>17</span> <span class='ocrx_word' id='word_1_288' title='bbox 630 4043 768 4115; x_wconf 76' lang='grc' dir='ltr'><strong><em>τετήρηται</em></strong></span> <span class='ocrx_word' id='word_1_289' title='bbox 790 4045 819 4097; x_wconf 73' lang='lat' dir='ltr'>di</span> <span class='ocrx_word' id='word_1_290' title='bbox 843 4046 873 4097; x_wconf 70' lang='grc' dir='ltr'>ἓν</span> <span class='ocrx_word' id='word_1_291' title='bbox 895 4047 931 4112; x_wconf 75' lang='grc' dir='ltr'>τῷ</span> <span class='ocrx_word' id='word_1_292' title='bbox 954 4041 1027 4112; x_wconf 79' lang='grc' dir='ltr'>λόγῳ</span> <span class='ocrx_word' id='word_1_293' title='bbox 1049 4041 1149 4097; x_wconf 81' lang='grc' dir='ltr'><strong><em>ταύτὸν</em></strong></span> <span class='ocrx_word' id='word_1_294' title='bbox 1169 4041 1237 4114; x_wconf 77' lang='grc' dir='ltr'>ὅπερ</span> <span class='ocrx_word' id='word_1_295' title='bbox 1259 4047 1306 4096; x_wconf 82' lang='grc' dir='ltr'>καὶ</span> <span class='ocrx_word' id='word_1_296' title='bbox 1328 4048 1388 4114; x_wconf 77' lang='grc' dir='ltr'>περὶ</span> 
     </span>
     <span class='ocr_line' id='line_1_38' title="bbox 290 4127 1392 4204; baseline -0.002 -20"><span class='ocrx_word' id='word_1_297' title='bbox 290 4128 339 4184; x_wconf 85' lang='grc' dir='ltr'>τὸν</span> <span class='ocrx_word' id='word_1_298' title='bbox 363 4129 432 4185; x_wconf 83' lang='grc' dir='ltr'><strong><em>κατὰ</em></strong></span> <span class='ocrx_word' id='word_1_299' title='bbox 451 4135 577 4204; x_wconf 76' lang='grc' dir='ltr'><strong><em>Νεαίρας,</em></strong></span> <span class='ocrx_word' id='word_1_300' title='bbox 600 4127 641 4185; x_wconf 82' lang='grc' dir='ltr'>ὅτι</span> <span class='ocrx_word' id='word_1_301' title='bbox 661 4129 701 4204; x_wconf 81' lang='grc' dir='ltr'>μὴ</span> <span class='ocrx_word' id='word_1_302' title='bbox 724 4129 766 4200; x_wconf 75' lang='grc' dir='ltr'>ὑφ’</span> <span class='ocrx_word' id='word_1_303' title='bbox 792 4129 853 4191; x_wconf 79' lang='grc' dir='ltr'><strong><em>ἑνὸς</em></strong></span> <span class='ocrx_word' id='word_1_304' title='bbox 869 4135 971 4202; x_wconf 76' lang='grc' dir='ltr'><strong><em>εἴρηται</em></strong></span> <span class='ocrx_word' id='word_1_305' title='bbox 994 4127 1150 4200; x_wconf 67' lang='lat' dir='ltr'>apogniaci),</span> <span class='ocrx_word' id='word_1_306' title='bbox 1184 4128 1238 4181; x_wconf 79' lang='grc' dir='ltr'>ἀλλ’</span> <span class='ocrx_word' id='word_1_307' title='bbox 1259 4130 1316 4182; x_wconf 74' lang='grc' dir='ltr'>ἐκεῖ</span> <span class='ocrx_word' id='word_1_308' title='bbox 1337 4130 1392 4202; x_wconf 68' lang='grc' dir='ltr'>μὲν</span> 
     </span>
     <span class='ocr_line' id='line_1_39' title="bbox 290 4216 1390 4290; baseline -0.004 -16"><span class='ocrx_word' id='word_1_309' title='bbox 290 4220 421 4290; x_wconf 78' lang='grc' dir='ltr'><strong><em>ἑκατέρου</em></strong></span> <span class='ocrx_word' id='word_1_310' title='bbox 442 4216 572 4287; x_wconf 74' lang='grc' dir='ltr'><strong><em>διαστολὴ</em></strong></span> <span class='ocrx_word' id='word_1_311' title='bbox 589 4217 707 4289; x_wconf 77' lang='grc' dir='ltr'><strong><em>φανερὰ,</em></strong></span> <span class='ocrx_word' id='word_1_312' title='bbox 732 4220 853 4272; x_wconf 70' lang='grc' dir='ltr'><strong><em>ἐνταῦθα</em></strong></span> <span class='ocrx_word' id='word_1_313' title='bbox 877 4218 907 4270; x_wconf 77' lang='grc' dir='ltr'>δὲ</span> <span class='ocrx_word' id='word_1_314' title='bbox 926 4220 1100 4285; x_wconf 79' lang='grc' dir='ltr'><strong><em>συγκέχυται.</em></strong></span> <span class='ocrx_word' id='word_1_315' title='bbox 1137 4216 1214 4268; x_wconf 72' lang='grc' dir='ltr'><em>δοκεῖ</em></span> <span class='ocrx_word' id='word_1_316' title='bbox 1238 4216 1268 4268; x_wconf 77' lang='grc' dir='ltr'>δὲ</span> <span class='ocrx_word' id='word_1_317' title='bbox 1295 4217 1390 4288; x_wconf 79' lang='grc' dir='ltr'><strong><em>ἔμοιγε</em></strong></span> 
     </span>
     <span class='ocr_line' id='line_1_40' title="bbox 291 4298 1238 4378; baseline -0.004 -20"><span class='ocrx_word' id='word_1_318' title='bbox 291 4303 451 4360; x_wconf 64' lang='lat' dir='ltr'>describere</span> <span class='ocrx_word' id='word_1_319' title='bbox 470 4303 597 4378; x_wconf 73' lang='grc' dir='ltr'><strong><em>δεύτερος</em></strong></span> <span class='ocrx_word' id='word_1_320' title='bbox 614 4307 704 4374; x_wconf 77' lang='grc' dir='ltr'><strong><em>λέγειν</em></strong></span> <span class='ocrx_word' id='word_1_321' title='bbox 723 4300 860 4374; x_wconf 65' lang='lat' dir='ltr'>,drocone</span> <span class='ocrx_word' id='word_1_322' title='bbox 876 4307 970 4356; x_wconf 84' lang='grc' dir='ltr'><strong><em>τοίνυν</em></strong></span> <span class='ocrx_word' id='word_1_323' title='bbox 987 4298 1067 4374; x_wconf 81' lang='grc' dir='ltr'><strong><em>ἡμῶν</em></strong></span> <span class='ocrx_word' id='word_1_324' title='bbox 1085 4342 1091 4353; x_wconf 94' lang='grc'><strong>.</strong></span> <span class='ocrx_word' id='word_1_325' title='bbox 1112 4341 1118 4354; x_wconf 94' lang='grc'><strong>.</strong></span> <span class='ocrx_word' id='word_1_326' title='bbox 1139 4301 1162 4355; x_wconf 85' lang='lat'>.“</span> <span class='ocrx_word' id='word_1_327' title='bbox 1181 4302 1238 4354; x_wconf 81' lang='grc' dir='ltr'><strong><em>κτλ.</em></strong></span> 
     </span>
    </p>
   </div>
   <div class='ocr_carea' id='block_1_4' title="bbox 0 0 1590 4932">
    <p class='ocr_par' dir='ltr' id='par_1_9' title="bbox 0 0 1590 4932">
     <span class='ocr_line' id='line_1_41' title="bbox 0 0 1590 4932; baseline 0 0"><span class='ocrx_word' id='word_1_328' title='bbox 0 0 1590 4932; x_wconf 95' lang='lat' dir='ltr'> </span> 
     </span>
    </p>
   </div>
  </div>
 </body>
</html>
