3164 4932
763 377 970 437 ..22-

320 559 379 641 [L]
396 562 445 640 21,
468 558 541 639 (28),
557 563 606 640 50,
630 557 723 639 [LII]
747 562 795 639 20,
820 558 929 640 [LIII]
955 563 980 639 1,
1002 561 1103 624 LVII.
1125 566 1174 641 53,
1198 560 1339 643 [LVIII]
1362 565 1411 642 67,

320 658 477 741 [LVIIII]
500 663 528 741 3,
552 663 600 741 53,
622 657 782 745 [prooem]
805 664 845 733 N,
875 659 986 743 [epist]
1016 661 1056 724 ΙΙ.
1078 666 1126 744 20,
1154 663 1212 725 ΙΙΙ.
1234 663 1307 741 (12).
1349 662 1412 724 Αδ-

319 760 467 822 ieetiuum
495 759 578 844 quod
606 755 751 824 uocatur‘
765 759 893 823 uerbale
920 751 1134 834 κινδυνεῦτέος
1156 763 1253 826 semel
1274 763 1347 844 legi,
1369 784 1412 825 or.

320 858 383 940 [X]
407 862 454 922 71.

402 960 494 1025 Ibid.:
519 962 558 1021 σὺ
575 963 602 1021 δ’
618 963 664 1023 ἑνὶ
678 962 849 1032 σκήπτει
868 961 1002 1047 μάρτυρι
1019 966 1106 1046 αὐτῷ
1119 971 1163 1045 τῷ
1175 965 1412 1036 συναδικοῦντι,

322 1062 360 1125 οί.
382 1060 407 1141 ἕ.
430 1064 468 1124 47
499 1060 523 1144 ᾧ
546 1062 637 1136 οὗτος
667 1065 845 1138 σκήπτεται
874 1062 1025 1148 μάρτυρα
1057 1063 1142 1145 apud
1169 1062 1414 1127 Demosthenem

320 1162 452 1226 uerbum
474 1163 626 1235 σκήπτειν
647 1161 876 1242 (σκήπτεσθαι)
898 1183 960 1224 non
981 1163 1139 1227 inuenitur
1160 1163 1219 1225 nisi
1241 1184 1283 1226 or.
1297 1162 1352 1225 Vl.
1376 1164 1415 1225 13

320 1269 385 1337 πῶς
417 1258 458 1323 οἷν
488 1308 495 1324 .
523 1308 529 1321 .
562 1269 607 1343 τῷ
636 1263 744 1322 δίκαια
774 1263 921 1340 ίνομίζειν
960 1264 1057 1321 ταῦτ’
1098 1264 1179 1325 εἶναι
1211 1261 1416 1335 πεποιηκέναι

238 1362 241 1367 ’
321 1362 499 1437 σκήψαιτο,
536 1368 567 1425 et
603 1383 646 1425 or.
672 1359 849 1441 [XXXIII]
882 1363 919 1424 18
956 1364 993 1434 ὡς
1022 1362 1182 1441 ἐσκήψατο
1212 1361 1417 1423 ἀπολωλέναι

319 1460 395 1540 (scil.
416 1460 456 1521 τὸ
478 1460 709 1547 γραμματεῖον)
732 1465 748 1522 ὁ
770 1461 815 1522 Ἀ.

403 1562 484 1625 Item
505 1562 663 1625 rarissime
690 1561 722 1624 in
744 1560 1058 1625 Demostheniearum
1086 1563 1260 1626 orationum
1288 1582 1419 1643 corpore

320 1668 505 1746 usurpatum
525 1668 572 1725 est
586 1661 717 1725 uerbum
740 1688 758 1722 ο
768 1687 841 1725 vva
852 1664 988 1736 δικεῖυ,
1011 1661 1093 1746 quod
1108 1663 1141 1725 in
1155 1666 1261 1725 nostre.
1276 1661 1418 1724 oratione

320 1761 368 1825 bis
391 1763 532 1843 occurrit,
561 1761 606 1841 ἐξ.
628 1764 668 1824 28
697 1768 729 1826 et
757 1764 805 1825 46.
854 1762 993 1847 Repperi
1021 1760 1079 1825 hee
1100 1762 1232 1825 uerbum
1254 1762 1303 1824 his
1323 1761 1418 1824 locis:

321 1861 410 1925 XXI.
435 1864 503 1943 126,
525 1861 626 1925 LVII.
648 1865 682 1942 33
706 1860 866 1942 [XXXV]
890 1865 939 1943 54,
962 1859 1069 1942 [LVI]
1093 1865 1141 1924 44.

405 1970 430 2050 ξ.
452 1972 505 2034 2οε
539 1971 779 2055 περιβόητος
807 1970 997 2033 adieetiuum
1023 1992 1084 2034 uno
1111 1972 1180 2034 loeo
1205 1993 1281 2035 uere
1302 1970 1419 2034 Demo-

322 2069 462 2134 sthenieo
483 2071 670 2152 inuenimus,
693 2093 733 2134 or.
752 2070 875 2133 XVIII.
897 2072 967 2151 297,
989 2070 1043 2133 ubi
1065 2078 1171 2135 tamen
1193 2072 1277 2135 malo
1299 2069 1418 2133 dietum

323 2178 369 2235 est
391 2192 499 2252 sensu;
526 2171 658 2235 occurrit
684 2173 779 2234 etiam
794 2172 838 2243 ¹in
859 2193 922 2235 une
944 2172 1084 2235 oratione
1106 2173 1213 2257 spuria
1234 2171 1294 2235 hoe
1315 2171 1418 2234 adiee-

320 2272 431 2353 tiuum,
455 2272 508 2334 cfr.
532 2269 693 2352 [XXXX]
719 2276 766 2351 11,
796 2294 865 2334 eum
895 2272 1078 2336 aduerbium
1109 2273 1298 2358 περιβοήτοις
1327 2293 1416 2357 prae·

322 2373 460 2435 beator.
483 2369 611 2452 [XVII]
636 2375 663 2435 5.

405 2479 431 2560 ξ.
443 2483 498 2544 31:
522 2481 753 2544 substantiuum
775 2484 953 2559 πέλαγος,
976 2481 1058 2563 quod
1075 2482 1197 2544 omnino
1214 2503 1275 2544 non
1291 2488 1410 2545 exstare

322 2581 405 2667 apud
418 2580 663 2645 Demosthenem
678 2581 816 2645 affirmat
826 2582 1025 2666 Lortzingius
1037 2581 1069 2663 ¹),
1089 2602 1217 2666 perraro
1232 2589 1418 2666 usurpatum

323 2689 385 2763 est3
418 2703 519 2765 neque
552 2682 634 2745 enim
667 2683 800 2746 occurrit
834 2683 892 2746 nisi
928 2683 960 2745 in
992 2705 1055 2745 una
1092 2683 1232 2745 oratione
1268 2682 1419 2764 genuine,

321 2783 442 2847 XXIII.
468 2785 526 2846 169
548 2781 765 2860 ἀναγαγόντες
794 2786 834 2856 εἰς
857 2784 895 2843 τὸ
920 2785 1055 2860 πέλαγος
1079 2785 1110 2844 ἐν
1132 2783 1232 2862 πλοίῳ
1262 2783 1346 2845 etin
1369 2782 1420 2845 his

323 2883 530 2968 suppositieiis
552 2881 758 2945 orationibus:
782 2881 942 2963 [XXXII]
966 2885 985 2944 2
1007 2883 1128 2944 τούτου
1159 2882 1192 2942 δὲ
1215 2881 1419 2962 ἀπολομένου

322 2985 354 3046 ἐν
375 2993 421 3065 τῷ
443 2983 584 3062 πελάγει,
607 2986 626 3044 4
649 2986 687 3055 ὡς
710 2985 742 3045 ἐν
763 2992 809 3066 τῷ
832 2985 962 3064 πελάγει
980 2983 1144 3057 Ιἀπώλετο,
1165 2989 1196 3045 et
1211 2979 1352 3062 [LVIII]
1377 2985 1419 3044 54

322 3085 478 3157 σωθέντες
500 3119 541 3128 -
563 3085 594 3143 ἐκ
617 3092 677 3144 τοῦ
700 3083 866 3166 πελάγους.
910 3082 1110 3146 Adieciiuum
1138 3082 1284 3159 πελάγιος
1307 3087 1354 3145 est
1376 3103 1421 3145 0r.

323 3180 382 3262 [L]
405 3184 445 3245 20
468 3185 572 3244 πλοῦν
594 3184 647 3243 καὶ
668 3183 772 3245 πολὺν
794 3182 848 3242 καὶ
870 3184 1032 3260 πελάγιον.

406 3290 432 3370 ξ.
455 3294 509 3354 35:
540 3292 709 3371 ἑφόδιον
739 3292 871 3370 λαβὼν
899 3293 938 3350 τὸ
967 3291 1024 3362 τὴν
1054 3290 1239 3374 συγγραφὴν
1267 3293 1420 3354 κελείεινῑ

323 3391 452 3473 ἐφόδιον
479 3391 710 3454 substantiuum
739 3392 798 3455 hoe
826 3393 893 3455 loco
918 3414 975 3477 pro
1002 3391 1130 3476 ἀφορμή
1160 3391 1225 3452 siue
1253 3388 1420 3474 πρόφασις

322 3493 420 3556 uerbo
442 3492 616 3556 adhibitum
632 3499 688 3556 est.
709 3495 811 3567 Quem
833 3493 962 3574 ἐφόδιον
984 3492 1070 3555 uocis
1091 3512 1183 3553 usum
1205 3490 1287 3572 apud
1303 3489 1421 3552 Demo-

324 3593 466 3656 sthenem
488 3593 604 3656 frustra
617 3615 757 3678 quaeres.
786 3592 997 3675 Comparandi
1012 3597 1083 3654 sunt
1104 3590 1137 3652 hi
1152 3591 1226 3652 loci:
1250 3612 1291 3653 or.
1306 3590 1363 3652 III.
1378 3592 1422 3652 20

323 3695 363 3753 δι’
380 3696 518 3778 ἀπορίαν
540 3697 676 3778 ἐφοδίων
694 3707 761 3767 τοῖς
785 3694 1060 3778 στρατευομένοις,
1077 3690 1215 3754 XVIIII.
1234 3694 1292 3754 158
1311 3690 1420 3774 χιλίοις

323 3793 474 3871 λαβόντες
497 3792 640 3879 δραχμάς
656 3795 787 3873 ἐφόδιον
803 3796 878 3876 παρ’
900 3798 991 3872 ὑμῶν,
1008 3793 1063 3853 311
1087 3790 1202 3876 ἐφόδια
1224 3790 1420 3862 ἀναλίσκειν,

323 3893 446 3955 XXIII.
477 3895 537 3955 209
566 3898 639 3970 ὑμῖν
669 3895 702 3955 δὲ
732 3893 803 3953 οῦδὲ
833 3901 901 3968 μιᾶς
930 3895 1039 3976 ἡμέρας
1069 3889 1168 3972 ἐφόδι’
1198 3889 1285 3950 ἐστὶν
1313 3891 1344 3950 ἐν
1371 3899 1421 3970 τῷ

323 4001 428 4075 κοινῷ,
440 3991 568 4072 [XXV]
581 3996 620 4055 56
633 3996 737 4054 δοῦσα
751 3993 894 4077 δραχμὰς
908 3991 989 4051 ὀκτὼ
1002 3991 1142 4074 ἐφόδιον,
1156 3987 1420 4068 [XXXXVIIII]

325 4094 362 4154 67
388 4094 427 4173 μὴ
456 4095 538 4156 εἶναι
570 4099 658 4178 αὐτῷ
681 4094 796 4175 ἐφόδια
826 4095 966 4175 τῲγιξρᾳ
995 4093 1100 4162 ἱκανά,
1123 4087 1182 4170 [L]
1209 4091 1245 4150 19
1275 4089 1420 4162 ἀποδοὺς

324 4196 382 4254 τὸν
421 4193 539 4274 μισθὸν
574 4195 627 4253 καὶ
663 4195 779 4278 ἐφόδια
816 4192 971 4280 προςθείς,
1006 4188 1115 4272 [LIII]
1149 4193 1168 4252 6
1204 4191 1244 4248 δι’
1279 4189 1422 4272 ἀπορίαν

409 4353 463 4417 1).].
482 4355 500 4407 l.
517 4371 578 4424 pag.
596 4352 636 4407 56.
