3164 4932
646 409 831 470 ...7,

193 599 368 679 μελλούσης
408 599 442 659 δὲ
473 605 529 671 τῆς
570 598 665 672 δίκης,
698 617 769 660 oum
802 595 839 660 G.
871 597 913 660 Η.
946 597 1135 661 Schaeferus
1148 598 1170 679 ¹)
1206 599 1296 663 malit

190 698 322 762 fratrem
352 719 371 760 a
394 695 420 776 ξ.
443 697 482 760 22
504 696 632 760 demum
654 697 759 760 uerbis
782 699 813 771 ἐξ
835 701 940 758 αὐτοῦ
963 698 1000 771 δὴ
1021 708 1083 760 τοῦ
1106 700 1296 784 πράγματος

191 797 330 883 incipere
358 798 460 880 loqui:
493 804 546 876 „ut
578 798 688 880 prioris
722 797 821 860 oratio
855 795 899 856 τὰ
928 797 1184 883 μαρτνρούμενα,
1213 819 1296 881 quae

190 899 413 962 Phormionem
441 904 527 960 reeta
549 897 779 979 conuineerent,
802 896 982 982 posterioris
1003 899 1048 958 τὰ
1070 900 1218 984 τεκμήρια
1241 903 1296 961 καὶ

191 1002 237 1062 τὰ
266 999 385 1072 εἰκότα,
413 1016 495 1079 quae
522 1005 554 1060 et
580 998 658 1081 ipsa,
689 998 747 1062 etsi
775 1019 832 1083 per
846 997 1018 1080 ambages,
1047 996 1297 1064 demonstrarent

192 1098 338 1163 fraudem
372 1097 498 1179 saetam,
531 1099 696 1182 complexa
727 1097 795 1162 sit“.
849 1097 912 1161 Sed
944 1120 1039 1182 quam
1071 1099 1119 1162 his
1152 1100 1297 1188 omnibus

196 1199 400 1262 diuisionibus
422 1199 513 1262 multi
534 1205 723 1262 moueantur
745 1199 892 1283 scrupuli,
914 1199 983 1280 quis
1013 1206 1060 1263 est
1081 1199 1156 1284 quin
1179 1200 1296 1282 uideat,

197 1321 267 1362 eum
295 1299 433 1383 exempli
461 1299 563 1378 gratia
591 1298 731 1363 conferat
760 1298 786 1378 ἓ.
813 1301 853 1362 23
883 1299 981 1362 uerba
1010 1301 1106 1373 οὗτος
1136 1300 1296 1364 ἐδάνεισεν

194 1423 266 1465 curn
287 1399 313 1480 ἓ.
335 1402 373 1463 31
399 1399 467 1482 ἐμοὶ
488 1408 535 1480 τῷ
560 1399 759 1474 δανείσαντι,
784 1399 897 1463 deinde
919 1398 945 1479 ξ.
967 1401 1007 1463 29
1030 1400 1089 1462 τὸν
1110 1401 1297 1478 παῖδα-τὸν

193 1503 317 1562 τούτου
345 1521 416 1564 curn
451 1497 477 1578 ἓ.
506 1501 543 1562 41
577 1501 637 1562 τὸν
670 1503 776 1562 παῖδα
809 1500 868 1564 τὸν
897 1500 983 1581 ἐμόν,
1016 1506 1083 1563 tum
1116 1497 1142 1579 ξ.
1173 1502 1210 1563 31
1240 1511 1297 1576 τῆς

195 1609 379 1686 συγγραφῆς
407 1623 461 1661 σοι
488 1599 622 1680 κειμένης
651 1599 807 1672 Ἀθήνησι
835 1600 889 1660 καὶ
916 1601 993 1685 πρὸς
1024 1601 1076 1685 ἐμέ
1105 1621 1175 1663 cum
1203 1600 1230 1681 ἓ.
1256 1604 1296 1665 32

196 1699 283 1774 εἰδὼς
306 1700 394 1762 κατὰ
416 1709 478 1762 σοῦ
505 1701 646 1781 κειμένην
673 1700 827 1772 Ἀθήνησι
856 1699 1044 1786 συγγραφὴν
1065 1700 1142 1786 πρὸς
1164 1709 1296 1777 τοῦτον,

196 1799 270 1880 alia,
292 1820 374 1882 quae
397 1801 438 1864 ab
459 1799 521 1864 illis
542 1799 598 1863 uni
626 1799 850 1880 attribuuntur,
879 1799 934 1863 sed
963 1805 1047 1864 certe
1075 1822 1135 1865 non
1165 1801 1206 1866 ab
1233 1823 1296 1866 uno

193 1900 369 1985 eodemque
391 1901 474 1965 diota
496 1921 565 1964 esse
587 1901 738 1982 possunt?
774 1900 880 1974 Quare
902 1900 1090 1964 recentiores
1110 1901 1297 1986 interpretes

194 2001 292 2064 etiam
314 2007 409 2087 atque
432 2001 528 2065 etiam
550 2001 724 2064 orationem
747 1999 923 2064 diuidentes
956 2000 1005 2063 his
1037 2022 1119 2085 quae
1151 2001 1233 2065 inter
1262 2023 1296 2065 se

193 2101 407 2187 repugnantia
448 2122 517 2165 esse
559 2100 625 2163 dixi
660 2099 780 2164 mederi
816 2100 995 2164 studebant.
1050 2101 1098 2163 Ao
1132 2101 1296 2165 Baiterum

195 2201 445 2287 Sauppiumque,
474 2201 608 2264 editores
631 2201 827 2282 Turioenses,
856 2206 981 2264 secutus
1009 2201 1048 2264 Α.
1070 2200 1297 2282 Sohaeferus2),

196 2302 249 2365 oui
271 2301 481 2388 adstipulatur
503 2301 677 2380 Darestius,
699 2302 890 2387 tripartitam
912 2323 983 2366 eam
1003 2302 1073 2365 uult
1095 2323 1173 2384 esse,
1195 2302 1297 2365 itaut

197 2400 376 2488 Chrysippo
398 2403 459 2465 sint
481 2401 691 2483 attribuenda,
714 2423 796 2486 quae
814 2402 962 2485 leguntur
979 2402 1051 2466 inde
1074 2423 1093 2465 a
1115 2401 1140 2482 ξ.
1158 2406 1172 2465 1
1197 2421 1296 2484 usque

197 2501 238 2564 ad
269 2500 294 2580 ἕ.
319 2505 356 2566 18
385 2509 417 2565 et
444 2525 463 2566 a
492 2501 518 2581 ἕ.
540 2505 580 2566 33
608 2523 709 2584 usque
738 2501 778 2566 ad
807 2503 911 2582 finem,
940 2502 1069 2584 eiusque
1098 2502 1186 2565 fratri
1215 2521 1297 2583 quae

197 2603 280 2664 inter
301 2601 326 2681 ἕ.
344 2605 381 2665 18
403 2608 435 2664 et
456 2601 482 2682 ἓ.
501 2605 541 2666 33
563 2602 768 2666 intercedunt.
803 2602 966 2665 Nitsohius
986 2623 1063 2666 uero
1085 2603 1137 2665 uel
1159 2603 1296 2684 quinque

197 2709 305 2788 partes
333 2703 452 2784 statuit,
480 2724 550 2766 oum
584 2702 658 2766 dicit
670 2702 707 2782 5);
744 2702 984 2782 ,Demosthenis
1017 2703 1048 2765 in
1075 2702 1296 2766 Phormionem

197 2804 371 2867 orationem
403 2804 448 2866 ita
480 2803 631 2866 distribuo
663 2803 744 2866 inter
775 2805 842 2866 eius
875 2809 1009 2866 setores:
1043 2806 1142 2866 1-17
1176 2801 1296 2885 (ἔχητε)

198 2903 395 2989 Chrysippus
415 2904 564 2988 loquitur,
596 2906 716 2966 13-29
745 2902 919 2983 (κοινωνόν)
947 2903 1014 2966 eius
1036 2903 1143 2985 frater,
1172 2905 1291 2966 30-31

197 3002 281 3082 (ἴστε
303 3039 343 3046 —
366 3002 541 3088 ἐλεύθερον)
565 3002 645 3083 Chr,
667 3005 791 3066 32-33
813 3001 842 3082 (ἡ
864 3001 924 3090 γὰρ
939 3040 981 3050 -
998 3004 1167 3078 testeam)
1190 3003 1297 3082 freter,

198 3106 323 3167 34-52
345 3100 411 3184 (καὶ
423 3105 464 3166 τὸ
480 3106 533 3182 μὲν
546 3141 588 3150 -
602 3105 759 3178 κελεύητε)
783 3103 918 3187 denique
933 3101 1035 3184 Ohr.“‚
1056 3122 1119 3184 qua
1137 3101 1297 3166 diuidendi

198 3205 321 3268 ratione
343 3202 459 3267 addere
482 3205 617 3288 cogitur:
642 3201 686 3284 ,§.
708 3205 749 3265 32
772 3203 969 3267 scribendum
991 3210 1039 3266 est
1061 3201 1114 3265 ὅδε
1132 3239 1172 3248 —-
1195 3204 1297 3275 tuost·

198 3329 284 3366 σατο
313 3327 369 3390 pro
398 3304 463 3366 οἵδε
489 3307 696 3378 ἐποιήσαντο,
726 3302 752 3383 ξ.
780 3306 821 3366 40
850 3304 983 3367 fortasse
1011 3303 1213 3386 ἐπεδείξαμεν
1240 3324 1297 3385 pro

198 3402 370 3477 ἐπέδειξα“.
413 3401 646 3482 Lortzingius4)
671 3402 870 3466 scribendum
892 3424 960 3466 esse
983 3408 1089 3467 censet
1110 3404 1165 3464 καὶ
1187 3402 1219 3464 οἳ
1240 3403 1295 3481 μὲν

197 3505 430 3585 ἐποιησάμεθα.
465 3504 527 3568 Sed
543 3527 582 3568 ne
598 3505 641 3566 sie
656 3503 783 3586 quidem
798 3524 906 3567 omnes
920 3504 1074 3567 tolluntur
1088 3503 1298 3566 difficultates.

196 3602 369 3667 Sohaefero
399 3605 534 3669 oonoedo
564 3605 642 3668 nihil
669 3605 803 3684 obstare,
830 3604 995 3686 quominus
1022 3624 1083 3685 quo
1109 3603 1177 3666 iure
1199 3601 1298 3686 Chr)-

198 3706 318 3789 sippus,
347 3705 457 3768 eodem
486 3706 584 3769 frater
612 3706 779 3791 pecuniam
806 3704 986 3768 Phormioni
1018 3709 1168 3782 mutuam¹
1191 3703 1298 3766 datam

232 3848 271 3852 --
279 3848 399 3856 m*-

285 3910 305 3975 ¹)
325 3917 484 3980 ,apparatus
509 3913 615 3979 criticus
640 3918 665 3966 et
689 3914 841 3980 exegeticus
863 3914 897 3966 od
919 3908 1150 3974 Demosthenem“,
1168 3914 1231 3962 torn.
1250 3911 1296 3961 lv.

198 4013 262 4064 pag.
279 3993 335 4046 547.

284 4077 305 4142 ²)
324 4081 340 4130 l.
359 4081 375 4130 l.
394 4096 454 4146 pag.
472 4077 522 4131 304
539 4098 597 4148 prx.

284 4160 305 4226 ³)
324 4163 371 4227 ,de
389 4163 541 4215 traieieudis
564 4165 685 4231 portibus
708 4164 736 4215 in
759 4164 944 4216 Demosthenis
968 4159 1154 4224 or·ationibus“,
1179 4161 1297 4212 Berolini

198 4243 275 4310 1863,
292 4246 352 4299 diss.
370 4247 435 4298 thes.
453 4245 476 4298 4.

284 4327 306 4393 ⁴)
323 4331 340 4382 l.
359 4331 375 4381 l.
393 4331 458 4382 thes.
478 4329 500 4383 1.
