3164 4932
634 343 841 404 „37-

189 523 299 586 uitiosa
321 525 392 608 plus
413 523 494 588 duae
516 524 629 588 breues
652 525 793 605 syllabae
819 526 851 589 in
877 526 937 590 hao
962 526 1102 591 oratione
1125 525 1285 609 octoginta

189 624 254 688 fere
275 624 351 688 loeis
373 630 444 688 sunt
466 625 597 707 positae,
619 632 654 688 ut
675 611 720 705 ἓξ.
743 628 757 688 1
783 624 932 712 ἐμπόριον
960 630 1242 709 εἰςαφιιινοόμενοι,
1266 627 1282 688 7

189 717 270 794 αὕτη
299 723 420 807 ἐγένετο
448 734 518 798 τοῦ,
543 726 581 788 10
608 725 839 808 προςανέλαβεν
864 727 917 788 ἐπὶ
942 727 981 787 τὸ
1008 724 1283 810 κατάστρωμα-

189 825 285 900 αιίτὸς
300 824 355 901 μὲν
371 825 523 898 ἀπεσώθη
536 861 578 872 -
593 821 668 887 οὔτε
684 825 877 910 συνανήχθη,
891 828 926 890 11
940 825 1106 911 προςέχετε
1121 823 1180 888 τὸν
1195 833 1283 898 νοῦν,

191 925 228 986 12
256 918 361 1010 ἕτερος
389 921 456 1000 ἤδη,
487 927 524 990 15
553 927 718 1010 οὐδέτερος
746 927 863 1000 αὐτῶν,
893 921 970 990 1611
999 923 1118 1008 ἔλαχον
1146 926 1282 1005 αὐτῷ-

188 1016 310 1105 ἔλαχον
332 1023 399 1106 ἐγὼ,
424 1027 461 1088 18
484 1023 638 1110 πρότερον
660 1024 779 1109 εἰρήκει,
801 1026 837 1087 21
862 1021 998 1110 ὕστερον
1020 1023 1222 1102 ἐπυθόμεθα,
1244 1026 1283 1087 22

189 1122 284 1197 οὗτος
310 1123 720 1204 ἀποδώσειν-ἐνθέμενος
748 1127 801 1200 εἰς,
827 1127 867 1189 23
896 1126 1121 1206 δανεισάμενος
1148 1125 1283 1207 ἐγγείων,

188 1225 227 1287 21
250 1227 362 1311 πρᾶξιν
389 1224 756 1310 ἐδίδοσαν-ἐμπόριον
784 1223 1126 1304 ἥκων-συμβόλαιον
1151 1223 1283 1302 ἐγένετο,

189 1326 228 1387 28
250 1325 424 1409 παρέλαβες
440 1328 482 1400 ἐν,
505 1328 544 1390 29
559 1325 737 1410 γράμματα
751 1326 858 1405 λαβών
871 1363 910 1372 —
922 1325 1054 1412 χρυσίον
1069 1322 1284 1397 ἀποδιδόντα,

188 1427 228 1486 33
250 1425 352 1486 αὐτόν
379 1423 725 1489 ἀποδοῦναι-ὁπότε
745 1424 805 1512 γὰρ
829 1427 872 1500 ἐν,
893 1429 934 1491 35
956 1426 1078 1504 τούμὸν
1105 1421 1283 1509 ἐμερίσατο,

189 1527 228 1588 36
252 1523 413 1611 δεινότερα
427 1528 561 1600 τούτου,
577 1529 618 1590 40
638 1524 852 1610 ὑπάρχουσαν
874 1527 1041 1588 ἐπιείκειαν
1059 1523 1283 1602 ἀποβάλωμεν,

187 1628 224 1688 41
249 1625 353 1685 παῖδα
369 1624 616 1710 παραλαβόντα,
634 1627 674 1688 42
690 1621 814 1704 ἄμεινον
826 1626 1063 1709 ἀπελογήσατο,
1076 1625 1116 1686 44
1128 1620 1283 1710 πρότερον

188 1725 294 1797 αὐτοὶ,
316 1726 357 1789 46
379 1723 476 1804 μόνον
499 1724 658 1810 ἀναφέρει,
681 1725 720 1788 al.

270 1824 342 1908 Age
362 1845 445 1888 nuno
466 1824 507 1888 ad
528 1825 633 1906 aliam,
660 1847 741 1910 quae
762 1825 843 1889 inter
864 1826 1036 1890 orationem
1057 1822 1230 1887 XXXIIII.
1252 1828 1283 1885 et

187 1924 447 1989 Demosthenicas
482 1925 638 1990 orationes
680 1931 795 2007 exstat,
833 1926 997 1992 ueniamus
1032 1923 1283 2009 discrepantiam.

189 2025 319 2091 Constat
350 2025 434 2090 enim
472 2025 652 2105 „nomina
685 2027 849 2111 propria
884 2048 904 2090 a
936 2024 1148 2090 Demosthene
1183 2023 1281 2086 multo

189 2125 329 2207 pluribus
350 2125 426 2190 loois
449 2126 515 2190 sine
537 2127 668 2192 articulo
690 2141 786 2208 quam
811 2148 881 2190 oum
909 2126 1041 2190 articulo
1068 2125 1151 2210 poni,
1178 2129 1210 2186 et
1237 2121 1282 2185 ita

190 2224 322 2306 quidem,
349 2231 384 2289 ut
410 2225 477 2290 fere
498 2226 640 2311 quintum
663 2226 809 2312 quodque
834 2247 948 2291 nomeu
970 2225 1129 2312 proprium
1151 2222 1282 2288 artioulo

188 2326 372 2390 instructum
402 2324 458 2389 sit“
473 2324 505 2406 ¹).
546 2325 584 2390 In
611 2327 751 2391 oratione
779 2347 855 2392 uero
882 2326 1034 2391 aduersus
1061 2324 1282 2389 Phormionem

188 2426 303 2509 scripta
339 2424 436 2490 ternis
466 2426 532 2490 sine
573 2427 704 2492 artioulo
743 2428 852 2510 positis
887 2427 961 2491 hina
997 2425 1124 2490 nomina
1156 2424 1281 2510 propria

187 2525 376 2608 respondent
404 2526 535 2590 articulo
564 2527 729 2606 instructa3
758 2533 923 2591 occurrunt
957 2527 1041 2592 enim
1074 2529 1222 2608 quattuor
1251 2530 1282 2589 et

187 2625 416 2711 quinquaginta
437 2626 563 2691 nomina
585 2628 711 2713 propria
730 2627 796 2691 sine
815 2628 946 2692 articulo
966 2633 998 2692 et
1015 2627 1146 2710 triginta
1161 2630 1282 2710 septem

186 2747 258 2790 oum
280 2726 411 2791 articulo
433 2726 544 2809 posita.

269 2825 503 2891 Animaduertit
517 2848 608 2911 porro
619 2826 836 2911 Wagnerus²)
857 2828 1046 2893 infinitiuum
1061 2848 1132 2890 oum
1150 2825 1282 2889 articulo

186 2926 385 2991 coniunctum
411 2948 430 2990 a
455 2926 669 2992 Demosthene
697 2929 826 3011 egregia
854 2934 922 2992 arte
950 2934 981 2992 et
1008 2934 1073 2991 tam
1101 2926 1283 3008 frequenter

187 3027 375 3091 substantiui
407 3034 463 3092 aut
495 3028 648 3093 enuntiati
678 3029 747 3094 loco
778 3035 966 3113 usurpatum
1001 3049 1079 3106 esse,
1115 3032 1151 3090 ut
1185 3026 1281 3089 ternis

187 3125 308 3191 oiroiter
335 3127 543 3214 paragraphis
570 3128 684 3212 singuli
710 3129 856 3193 infinitiui
878 3127 1008 3192 artioulo
1030 3126 1174 3191 instructi
1195 3127 1282 3190 attri-

187 3226 302 3291 buendi
328 3227 398 3292 sint.
439 3229 476 3291 ln
503 3229 644 3294 oratione
671 3235 777 3293 autern
799 3227 972 3293 XXXIIII.
996 3249 1110 3291 nouem
1136 3226 1281 3290 infinitiui

186 3326 278 3390 huius
301 3327 423 3407 generis
445 3329 652 3414 reperiuntur,
674 3330 713 3393 of.
735 3327 779 3409 ἓξ.
802 3332 820 3392 2
842 3328 900 3409 bis,
929 3330 978 3408 21,
1004 3330 1053 3408 31,
1078 3328 1128 3408 33,
1155 3329 1204 3407 35,
1230 3329 1280 3407 42,

185 3429 226 3490 46
254 3427 312 3509 his,
340 3427 370 3491 h.
399 3448 425 3492 e.
457 3428 489 3491 in
522 3429 604 3492 senis
636 3429 846 3515 paragraphis
878 3429 1000 3508 singuli.
1048 3427 1145 3491 Vides
1176 3427 1281 3508 igitur,

186 3534 338 3612 quantum
357 3528 497 3592 discedat
516 3527 595 3594 haec
610 3530 708 3594 oratio
724 3551 743 3592 a
757 3528 979 3594 Demosthenis
994 3527 1225 3592 consuetudine.
1239 3565 1281 3574 -

185 3628 356 3692 Praeterea
383 3636 489 3694 monet
517 3627 681 3710 8111111113),
710 3629 862 3694 aduersus
888 3650 981 3693 usum
1002 3627 1281 3692 Demosthenicum

269 3777 290 3841 ¹)
314 3779 347 3832 ci.
366 3779 450 3846 Siggii
473 3779 535 3832 diss.
559 3780 576 3832 l.
600 3795 663 3846 pag.
685 3778 736 3833 430
759 3797 817 3844 prx.
844 3783 870 3831 et
896 3779 925 3831 Ε.
943 3781 974 3831 R.
993 3778 1110 3831 Sohulaii
1135 3777 1196 3830 diss.
1220 3794 1245 3844 q.
1263 3779 1280 3829 i.

187 3861 411 3926 „prolegomenon
434 3863 462 3913 in
480 3862 668 3915 Demosthenis
692 3879 761 3929 quae
785 3863 869 3914 fertur
890 3863 1038 3915 orationem
1061 3862 1188 3914 aduersus
1206 3864 1280 3924 Apa-

184 3945 282 3996 turium
301 3946 391 4012 eapite
409 3943 476 3996 duo“
495 3945 616 4011 (Lipsiae
633 3943 710 4008 1818)
728 3961 789 4012 pag.
806 3943 839 3997 48
856 3962 914 4012 prx.

268 4026 289 4093 ²)
308 4029 341 4080 ei.
364 4029 388 4080 d.
407 4045 432 4095 q.
451 4029 467 4082 i.
492 4029 540 4090 „ds
565 4029 697 4080 infinitiuo
721 4031 793 4096 apud
820 4034 940 4082 oratores
958 4029 1061 4081 Atticos
1088 4045 1147 4078 oum
1166 4027 1279 4078 articulo

184 4110 341 4163 ooniuneto“
361 4111 463 4178 (Progr.
482 4112 577 4177 Gymn.
595 4113 722 4164 Friderio.
748 4113 882 4165 Sohwerin
900 4110 976 4174 1885)
993 4127 1055 4178 pag.
1072 4109 1089 4162 2
1106 4127 1163 4177 prx.

267 4192 289 4260 3)
309 4196 341 4248 ο1.
360 4196 385 4247 d.
403 4212 428 4262 q.
446 4195 463 4247 i.
485 4197 565 4258 „Zum
578 4196 720 4248 Gobrauoh
738 4197 784 4248 dos
801 4195 920 4252 Infinitir
936 4196 985 4252 snit
997 4195 1103 4247 Artikal
1120 4195 1164 4248 bei
1181 4194 1280 4250 Demo·

185 4275 307 4331 sthenes“
326 4277 462 4334 (Rottwsil
482 4277 546 4332 1881
564 4277 669 4346 Progr.)
687 4295 748 4347 pag.
766 4277 806 4334 11.
