3164 4932
615 381 823 440 ..13-

165 567 192 642 6,
223 566 274 643 20,
303 565 342 626 30
368 562 426 641 his,
456 559 718 642 [XXXXVIIII.]
747 565 797 642 43,
827 559 887 642 [h]
916 566 945 642 8,
968 566 1018 642 36,
1039 566 1089 643 42,
1120 561 1196 644 [LI]
1222 567 1270 644 12,

164 661 276 743 [LIII]
298 665 327 742 2,
355 660 466 743 [LVI]
493 663 540 741 12,
568 663 618 741 21,
645 665 696 740 33,
724 665 775 742 37,
805 661 906 726 LVII.
934 666 963 743 8,
993 666 1041 742 19,
1071 660 1213 744 [LVIII]
1242 668 1270 744 6,

165 768 213 845 13,
245 767 295 843 64,
324 760 483 844 [LVIIII.]
512 760 587 841 (16),
614 759 689 842 (52),
719 765 788 843 101,
818 761 911 843 [LX]
940 766 991 845 33,
1015 761 1177 849 [prooem]
1200 764 1269 846 ΚΕ,

163 862 278 948 [epist]
301 863 358 927 III.
380 866 410 944 2,
433 865 483 926 40.

126 1011 130 1020 .
248 964 338 1029 Ibid.:
360 964 494 1028 uerbum
522 966 856 1050 εἰςαφικνεῑσθαι
883 965 915 1027 in
937 987 1066 1051 corpore
1095 967 1271 1030 orationum

163 1065 480 1132 Demosthenioarum
495 1085 557 1128 non
572 1071 678 1127 exstat
700 1065 759 1127 nisi
782 1065 841 1129 hoo
863 1066 947 1145 looo;
969 1085 1162 1148 quamquem
1183 1067 1270 1131 haud
1379 1130 1382 1137 .

164 1160 232 1231 erat
259 1166 445 1230 inusitatum
473 1164 536 1234 illis
565 1165 768 1247 temporibus,
798 1166 839 1230 of.
869 1167 999 1231 Isocrat.
1025 1167 1082 1230 IV.
1107 1171 1160 1249 45,
1188 1169 1270 1232 Plat.

165 1268 289 1332 Menon.
310 1287 383 1353 pag.
406 1268 446 1329 92
458 1265 495 1347 B,
519 1266 558 1328 al.
598 1263 719 1329 Eodem
742 1288 835 1330 sensu
859 1289 878 1330 a
899 1266 1113 1332 Demosthene
1136 1269 1271 1354 simplex

166 1369 297 1433 uerbum
326 1369 537 1449 ἀφικνεῖσθαι
565 1372 613 1429 est
641 1373 842 1448 usurpatum:
877 1366 1000 1431 XVIII.
1029 1370 1086 1431 201
1120 1371 1198 1443 τοὺς
1229 1372 1270 1443 εἰς
1364 1435 1369 1450 ,

165 1469 221 1542 τήν
248 1467 346 1530 πόλιν
375 1465 565 1550 ἀνθρώπους
599 1466 860 1550 ἀφικνουμένους,
892 1466 965 1530 XX.
994 1471 1031 1530 31
1063 1469 1123 1530 τὸν
1149 1471 1181 1530 ἐκ
1207 1477 1270 1530 τῶν

169 1563 271 1630 ἄλλοιν
286 1569 447 1653 ἐμπορίων,
458 1567 696 1648 ἀφικνούμενον
711 1565 839 1646 (σῖτον),
855 1570 912 1647 32,
929 1565 1090 1648 [XXXV]
1107 1571 1126 1632 2
1141 1570 1271 1632 πολλῶν

169 1668 223 1752 γὰρ
250 1665 495 1749 ἀφικνουμένων
530 1667 571 1740 εἰς
601 1667 640 1728 τδ
668 1666 818 1752 ὑμέτερον
847 1667 1001 1753 ἐμπόριον
1029 1669 1085 1729 καί
1112 1667 1271 1742 Ἑλλήνων

170 1767 219 1828 καί
237 1763 416 1850 βαρβάρων,
439 1766 479 1828 al.

245 1866 272 1948 ξ.
290 1869 326 1930 2:
350 1875 415 1928 τῶν
437 1867 475 1928 ἐν
499 1866 695 1951 Βοσπόρῳ
725 1868 1080 1950 ἐπιδημησάντων,
1109 1869 1147 1931 ef.
1166 1867 1212 1949 ἕξ.
1230 1872 1270 1931 34

167 1970 227 2029 ύπὸ
241 1977 303 2032 τῶν
321 1967 353 2030 ἐν
373 1977 420 2049 τῷ
438 1967 576 2052 ἐμπορίῳ
593 1967 678 2048 (he.
696 1971 727 2030 ἐν
740 1966 912 2055 Βοσπόρῳ)
929 1970 1170 2048 ἐπιδημούντων
1185 1967 1271 2029 κατὰ

170 2067 224 2154 τὸν
236 2068 336 2131 αύτὸν
345 2066 472 2154 χρόνον,
488 2068 528 2130 36
541 2069 694 2147 ἐπιδημῶν
711 2069 743 2130 ἐν
754 2075 801 2150 τῷ
809 2067 974 2154 Βοσπόρῳ,
995 2070 1032 2132 41
1048 2068 1270 2150 ἐπιδημοῦντα

172 2169 202 2230 ἐν
219 2166 387 2253 Βοσπόρῳε
411 2167 533 2233 alienus
555 2168 680 2249 estqui
702 2168 750 2230 his
772 2169 848 2232 loeis
870 2174 976 2232 exstat
997 2169 1159 2248 ἐπιδημεῖν
1180 2167 1271 2232 uerbi

171 2289 242 2332 usus
271 2289 290 2331 a
315 2266 539 2332 Demosthene.
587 2267 650 2330 Hio
682 2269 766 2331 enim
793 2269 1073 2346 ,,ἐπιδημοῦντας“
1102 2290 1156 2332 eos
1188 2268 1271 2348 dicit,
1331 2307 1334 2312 ·

168 2369 219 2452 qui
251 2368 282 2430 in
314 2367 413 2453 ipsius
450 2370 554 2453 patria
587 2375 763 2449 uersentur,
801 2389 862 2453 quo
894 2368 931 2431 fit
963 2375 998 2431 nt
1030 2367 1162 2431 uerbum
1192 2368 1270 2431 illud

166 2469 349 2554 plerumque
371 2476 506 2555 ponetur
532 2471 601 2535 loeo
628 2492 689 2555 qno
712 2469 825 2554 aliquis
854 2477 902 2532 est
923 2487 986 2532 non
1008 2469 1193 2553 significato,
1216 2470 1269 2533 of.:

164 2569 253 2633 XXI.
288 2571 346 2632 176
384 2578 448 2630 τοῦ
474 2573 664 2633 Μενίππου
703 2583 772 2642 τοῖς
812 2570 998 2655 μυστηρίοις
1039 2571 1269 2652 ἐπιδημοῦντος

164 2669 350 2751 ἐπελάβετο,
373 2671 433 2734 217
457 2673 532 2747 τούς
560 2671 821 2750 ἐπιδημήσαντας
844 2664 996 2745 ἅπαντας
1018 2681 1081 2733 τῶν
1102 2671 1269 2743 Ἑλλήνων,

163 2770 334 2834 XXXVII.
362 2773 382 2834 2
410 2771 646 2854 ἐπιδημούντων
679 2771 708 2831 δ’
735 2773 818 2852 ἡμῶν
848 2771 1047 2858 ἀμφοτέροιν,
1077 2774 1095 2834 8
1118 2771 1173 2832 καὶ
1194 2773 1269 2856 παρ’

163 2875 242 2950 ἐμοῦ
257 2879 327 2932 ’τοῦ
354 2871 423 2953 μηδ’
446 2872 687 2949 ἐπιδημοῦντος,
717 2872 736 2932 9
759 2869 830 2931 οὔτ’
854 2870 1030 2950 ἐπεδήμουν
1052 2867 1142 2944 ὅλως,
1168 2871 1209 2932 44
1231 2872 1269 2929 ού

162 2973 223 3056 γὰρ
264 2967 352 3053 ἔγωγ’
395 2971 582 3050 ἐπεδήμουν,
625 2973 663 3034 57
702 2973 719 3032 ὁ
756 2973 794 3053 μή
836 2969 945 3055 παρὼν
987 2972 1058 3051 μηδ’
1101 2970 1268 3048 ἐπιδημῶν,

162 3069 368 3135 XXXVIIII.
399 3074 436 3135 16
460 3073 498 3144 ὡς
527 3066 672 3147 ἅπαντες
702 3075 818 3157 ἑωρᾶτε
847 3073 877 3132 οἱ
903 3072 1141 3151 ἐπιδημοῦντες,
1168 3068 1270 3132 LVII.

162 3175 202 3236 39
226 3171 281 3232 καί
301 3196 356 3248 μοι
378 3171 467 3231 κάλει
486 3172 563 3245 τοῦς
585 3173 822 3251 ἐπιδημοῦντας
844 3174 948 3233 atem
963 3205 1004 3213 —
1020 3167 1200 3250 [XXXIII]
1216 3171 1267 3250 25,

162 3277 212 3352 26,
249 3273 306 3354 34,
346 3268 543 3353 [XXXIIH.]
591 3272 644 3350 12,
687 3267 849 3352 [XXXV]
886 3273 942 3348 30,
984 3268 1197 3351 [XXXXHI.]
1240 3271 1269 3348 5,

78 3390 83 3406 ·
162 3369 409 3454 [XXXXVIIL]
433 3373 483 3453 20,
499 3372 547 3450 27,
567 3373 618 3451 28,
641 3368 903 3451 [XXXXVHII.]
931 3373 980 3448 60,
1002 3372 1051 3448 60,
1073 3371 1123 3450 62,
1150 3372 1190 3432 63
1212 3369 1270 3450 61ο,

162 3471 258 3555 [LII]
284 3475 311 3553 7,
341 3477 369 3553 8,
392 3470 500 3553 [LVI]
524 3475 553 3554 8,
583 3468 741 3552 [LVIIII.]
770 3473 820 3552 40,
852 3473 900 3535 67.
943 3469 1029 3533 Raro
1057 3471 1116 3534 loei
1145 3469 1271 3534 additur

162 3574 369 3658 significatio:
392 3572 490 3636 LV.3
506 3573 678 3645 Ἀθήνησιν
693 3607 735 3615 -
750 3569 912 3653 [XXXV]
931 3574 969 3634 16
983 3570 1034 3652 id,
1050 3568 1209 3652 [XXXX]
1232 3572 1267 3633 17

163 3672 282 3737 ἐνθάδε
305 3673 348 3754 (h.
371 3671 577 3752 erithonis),
607 3668 666 3752 [L]
690 3674 709 3735 3
732 3672 838 3732 αύτοῦ
863 3670 955 3751 (he.
979 3669 1137 3752 Athenis),
1161 3667 1268 3750 [LVI]

161 3777 204 3838 30
235 3775 384 3836 ἐνταῦθα
413 3773 456 3852 (h.
478 3795 504 3836 e.
526 3770 683 3853 Athenis),
713 3770 872 3853 [LVIIH]
896 3774 936 3836 64
958 3773 1123 3848 ἈΒήναζω
1165 3770 1270 3833 Semel

161 3869 336 3956 ([LVIIH.]
359 3871 413 3952 37)
441 3895 512 3936 oum
543 3872 650 3936 uerbis
676 3873 717 3948 εἰς
740 3870 785 3933 τὰ
818 3871 958 3958 Μέγαρα
990 3871 1190 3935 ooniunetum
1223 3879 1270 3934 est

161 3974 298 4039 uerbum
320 3976 490 4053 ἐπιδημεῖν.
1194 3989 1198 3996 ·

248 4075 344 4140 Ibid.:
384 4077 698 4138 συναπολλύναι
738 4074 870 4139 uerbum
904 4073 989 4157 opud
1021 4071 1268 4137 Demosthenem

163 4199 227 4242 non
248 4176 409 4241 inuenitur
430 4176 490 4239 nisi
513 4173 671 4257 [LVIIII.]
695 4177 744 4239 95.

249 4276 276 4358 ξ.
287 4280 322 4342 4;
335 4276 567 4341 substantiuum
578 4277 744 4338 ιύθυδικίοι
756 4296 819 4338 non
829 4275 954 4360 repperi
965 4273 1024 4338 nisi
1037 4271 1230 4355 [XXXXV.]
1242 4277 1269 4337 6.
