3164 4932
756 407 798 414 ,.
840 342 963 433 28¹-

310 565 495 640 συγγραφῆς
518 555 690 632 ἐπάναγκες
712 557 910 630 ἐντίθεσθαι,
940 557 958 617 9
984 566 1044 616 τοῦ
1067 557 1243 638 ναυκλήρου
1269 557 1406 618 κελεύον-

309 680 364 730 τος
388 655 490 716 αὐτὸν
513 653 601 714 κατὰ
622 655 681 726 τὴν
702 655 890 739 συγγραφὴν
912 655 1103 719 ἐντίθεσθαι
1125 655 1169 716 τὰ
1191 656 1408 742 ἀγοράσματα

311 789 352 798 --
370 753 524 817 ἐνθέσθαι
546 756 587 828 εἰς
608 778 637 814 τ.
655 780 682 818 ν.
698 754 744 816 τὰ
763 779 822 840 xp.‚
847 756 886 818 10
905 750 976 816 οὔτ’
997 753 1123 816 ἐνέθετο
1144 756 1185 829 εἰς
1206 779 1235 816 τ.
1255 778 1282 818 ν.
1303 753 1406 825 οὐδέν,

313 857 348 918 11
373 849 427 913 ὅτι
453 849 529 916 οὔτε
556 852 601 914 τὰ
627 879 674 942 χρ.
698 852 827 918 ἐνθοιτο
850 856 890 929 είς
913 879 943 916 τ.
965 880 994 916 ν.
1017 854 1103 917 κατὰ
1129 855 1187 927 τὴν
1210 853 1406 940 συγγραφήν,

313 956 351 1018 16
380 948 456 1013 οὔτε
486 952 531 1014 τὰ
558 978 607 1037 χρ.
635 955 838 1016 ἐντεθεῖσθαι
865 963 998 1029 τοῦτον,
1032 955 1069 1016 17
1100 948 1153 1014 ὅτι
1181 949 1256 1015 οὔτε
1283 953 1328 1015 τὰ
1356 975 1404 1034 χρ.

311 1053 443 1119 ἔνθοιτο
466 1053 507 1127 εἰς
529 1077 558 1114 τ.
581 1077 619 1128 ν.,
648 1055 690 1117 20
711 1050 787 1115 οὔτε
812 1053 857 1116 τὰ
882 1076 930 1137 χρ.
954 1054 1057 1117 αὑτὸν
1078 1054 1231 1117 ἐνθέσθαι
1252 1055 1292 1128 εἰς
1313 1076 1344 1112 τ.
1368 1074 1407 1124 ν,

310 1155 351 1217 22
374 1155 430 1212 οὐκ
452 1152 614 1234 ἐνθέμενος
642 1156 682 1228 εἰς
705 1178 735 1217 τ.
758 1154 852 1216 ν.τά
878 1178 939 1240 χρ,
965 1155 1004 1216 27
1029 1157 1084 1215 οὐκ
1107 1156 1267 1236 ἐνθέμενος
1292 1151 1337 1213 τὰ
1358 1176 1407 1237 χρ.

311 1255 352 1328 εἰς
373 1275 405 1313 τ.
420 1276 447 1314 ν.
466 1251 553 1313 κατὰ
575 1253 633 1326 τὴν
652 1254 848 1339 συγγραφήν,
867 1253 907 1318 33
930 1253 1084 1316 ἐνθέσθαι
1105 1253 1345 1336 τάγοράσματα
1368 1253 1409 1326 εἰς

310 1377 340 1415 τ.
357 1379 383 1417 ν.
403 1388 441 1398 -
460 1352 505 1415 τὰ
527 1377 574 1440 χρ.
597 1357 653 1414 οὐκ
676 1353 840 1433 ἐνθέμενος
856 1391 898 1402 -
915 1353 961 1415 τὰ
978 1379 1025 1440 χρ.
1049 1351 1201 1416 ἐνθέσθαι
1218 1355 1259 1427 είς
1276 1376 1307 1415 τ.
1325 1378 1350 1417 ν.
1367 1391 1409 1400 -

311 1451 366 1513 διὰ
387 1453 427 1513 τὸ
454 1452 549 1534 μηδὲν
568 1453 733 1529 ἐνθέσθαι,
756 1455 797 1518 34
816 1458 854 1530 ὡς
877 1455 1093 1534 ἐντεθειμένος
1115 1455 1160 1516 τὰ
1182 1477 1229 1540 χρ.
1253 1455 1294 1525 εἰς
1315 1477 1337 1513 τ
1369 1481 1410 1528 ν.,

311 1553 352 1615 40
375 1548 451 1614 οὕτε
472 1551 517 1614 τὰ
539 1551 661 1638 φορτία
684 1553 851 1634 ἐνθέμενον
873 1560 995 1616 τοῦτον
1015 1553 1058 1627 εἰς
1078 1552 1136 1626 τὴν
1158 1562 1247 1616 ναῦν.

394 1658 439 1741 ἓξ.
461 1663 481 1724 8
503 1660 696 1737 καταλαβὼν
713 1672 776 1725 τοῖν
794 1663 935 1748 φορτίων
953 1661 996 1724 ἀν
1016 1659 1068 1744 ἦγε
1093 1661 1214 1733 πολλὴν
1231 1663 1412 1748 ἀπρασίαν,

311 1763 351 1825 22
375 1760 542 1846 ἀπρασίαν
562 1769 624 1822 τῶν
646 1763 788 1846 φορτίων
810 1762 996 1841 κατέλαβεν.

395 1858 440 1941 ἐξ
465 1862 500 1923 11
524 1864 633 1944 τούτῳ
654 1858 713 1945 γὰρ
736 1861 904 1946 προςέχετε
925 1859 984 1922 τὸν
1006 1870 1093 1935 νοῦν,
1116 1862 1156 1924 23
1178 1860 1218 1924 id.

394 1959 439 2042 ἓξ.
462 1962 497 2024 11
524 1954 578 2021 ὅτι
600 1957 676 2022 οὔτε
694 1959 733 2021 τὸ
756 1963 890 2045 χρυσίον
908 1959 1039 2041 εἰληφὼς
1062 1958 1114 2035 είη,
1135 1963 1173 2024 14
1194 1965 1232 2037 ὡς
1253 1963 1413 2045 ἀπείληφε

311 2065 350 2122 τὸ
373 2087 434 2146 χρ,
458 2063 497 2124 16
525 2055 600 2121 οὔτε
628 2059 668 2120 τὸ
691 2084 740 2142 χρ.
764 2059 974 2143 ἀπειληφέναι
993 2097 1034 2106 -
1053 2061 1264 2142 ἀπειληφέναι
1288 2063 1327 2123 τὸ
1351 2086 1415 2144 χρ,

311 2162 352 2225 20
379 2153 454 2222 οὔτε
484 2162 523 2221 τὸ
551 2185 600 2245 χρ.
629 2156 691 2241 ἐφη
721 2159 941 2240 ἀπειληφέναι,
968 2161 1006 2222 41
1036 2163 1074 2234 ὡς
1104 2162 1161 2221 οὐκ
1189 2160 1344 2242 ἀπείληφε
1371 2164 1414 2224 τὸ

311 2287 371 2346 χρ,
394 2263 434 2324 46
450 2253 503 2321 ὅτι
518 2262 575 2320 οὐκ
591 2254 654 2341 ἔφη
670 2259 883 2339 ἀπειληφέναι
897 2259 936 2320 τὸ
951 2285 999 2345 χρ.
1011 2259 1274 2344 -ἀπειληφέναι
1294 2263 1334 2322 τὸ
1352 2287 1413 2346 χρ,

312 2362 351 2422 47
376 2364 414 2436 ὡς
437 2361 493 2421 οὐκ
522 2359 677 2441 ἀπείληφε
698 2360 738 2420 τὸ
761 2383 810 2442 χρ.
828 2395 862 2404 --
887 2363 926 2435 ὡς
948 2362 1005 2422 οὐκ
1029 2360 1194 2440 ἀπείληφε,
1217 2361 1256 2423 49
1279 2356 1332 2422 ὅτι
1355 2365 1412 2424 οέκ

313 2461 469 2544 ἀπείληφε
491 2459 530 2521 τὸ
552 2460 693 2543 χρυσίον.
1127 2479 1132 2485 ·

365 2613 368 2618 .
395 2556 440 2638 §§.
470 2559 508 2622 13
536 2559 812 2643 προςκαλεσαίμην
832 2594 870 2604 -
891 2558 1178 2645 προςεκαλεσοίμην,
1212 2561 1250 2622 14
1278 2583 1413 2646 προςκα-

312 2658 451 2740 λουμένῳ
464 2695 504 2706 -
515 2660 694 2744 προςκαλεῑ,
719 2660 757 2722 15
780 2662 958 2743 προςκαλεῖ.

396 2758 440 2840 §§.
464 2762 502 2823 14
525 2754 639 2833 ἀείκὸς
662 2757 708 2834 ἦν,
733 2760 770 2823 15
793 2758 899 2821 καίτοι
919 2757 997 2833 εἰκός
1015 2763 1044 2842 γ’
1059 2759 1107 2835 ἦν,
1130 2762 1171 2824 40
1189 2764 1246 2822 οὐκ
1267 2760 1345 2834 εἰκὸς
1366 2760 1413 2834 ἦν.

395 2857 440 2939 ἓξ.
464 2860 503 2921 14
525 2859 623 2921 εἰπεῖν
635 2892 676 2902 -
687 2857 755 2920 εἷπε
767 2894 801 2902 --
819 2862 929 2936 εἰπεῖν,
954 2862 992 2924 15
1014 2862 1112 2923 εἰπεῖν
1124 2897 1163 2908 -
1176 2859 1270 2922 εἶπεν.

396 2957 422 3039 §.
446 2961 484 3024 16
506 2958 545 3018 τὸ
568 2957 706 3040 ἔγκλημα
725 2954 743 3018 ὃ
765 2955 883 3044 ἐλαχον
895 2969 1050 3021 -τοῦτο
1064 2959 1104 3022 τὸ
1120 2955 1257 3045 ἔγκλημα
1280 2955 1411 3042 ἐλαχον.

305 3145 308 3151 ¹
396 3066 441 3149 ἓξ.
458 3071 496 3132 18
518 3077 686 3152 μαρτυρεῖν
704 3064 724 3128 ὅ
738 3091 772 3126 τι
788 3067 937 3143 βούλοιτο
949 3105 991 3114 -
1003 3069 1177 3154 ἐμαρτύρει,
1195 3070 1233 3131 19
1248 3067 1293 3129 τὰ
1314 3070 1413 3147 ψευδῆ

313 3181 483 3254 μαρτυρεῖν
496 3179 616 3242 -τοῖς
637 3165 682 3226 τὰ
704 3168 803 3244 ψευδῆ
826 3176 1322 3255 μαρτυροῦσιν-μαρτυροῦσιν
1345 3163 1413 3230 ὅτι

313 3261 353 3331 ἀν
376 3268 568 3349 βούλωνται,
590 3268 631 3330 20
652 3267 697 3329 τὰ
723 3267 823 3343 ψευδῆ
846 3274 1017 3353 μαρτυρῶν,
1040 3269 1076 3330 21
1106 3267 1205 3344 ψευδῆ
1232 3280 1411 3354 μαρτυρεῖν.

396 3365 440 3448 §§.
464 3369 502 3430 18
530 3367 733 3454 μερισάμενος
764 3366 804 3426 τὸ
833 3366 907 3449 ἐμὸν
934 3369 1075 3451 χρυσίον,
1106 3369 1146 3432 35
1176 3367 1280 3441 ἐπειδὴ
1310 3365 1344 3428 δέ
1370 3368 1413 3428 τὸ

205 3484 207 3490 ’
313 3470 445 3556 χρυσίον
466 3467 588 3544 τούμὸν
610 3468 787 3548 ἐμερίσατο.

396 3565 441 3648 ἐξ.
463 3568 503 3631 20
532 3564 684 3647 ὡμολόγει
709 3570 765 3648 μέν
793 3569 942 3651 εἰρηκέναι
968 3575 1081 3628 ταῦτα
1107 3567 1185 3653 πρὸς
1212 3576 1346 3642 τοῦτον,
1372 3572 1412 3628 οὐ

315 3669 425 3750 μέντοι
452 3691 486 3749 γε
515 3666 602 3742 ἐντὸς
632 3663 674 3728 οίν
703 3669 806 3730 εἰπεῖν
828 3669 943 3741 αὑτοῦ,
971 3669 1011 3731 35
1040 3670 1097 3730 οὐκ
1126 3667 1213 3742 ἐντὸς
1242 3664 1284 3729 οέν
1306 3671 1413 3728 αὑτοῦ
1454 3741 1462 3754 ο

314 3780 412 3850 φησιν
434 3765 666 3830 εἰπεῖν-τότ’
689 3768 776 3842 έντὸς
805 3767 886 3830 εἶναί
909 3777 1008 3849 φησιν
1032 3773 1145 3842 αὑτοῦ,
1168 3770 1208 3831 49
1235 3770 1332 3830 εἰπεῖν
1355 3766 1414 3847 μὲν

314 3867 536 3950 ὡμολόγει,οὔ
560 3867 670 3948 μέντοι
691 3871 720 3951 γ’
743 3869 831 3942 ἐντὸς
855 3861 897 3930 οίν
920 3871 1024 3929 αὑτοῦ
1040 3869 1146 3932 εἰπεῖν.

397 3965 442 4047 §§.
457 3967 494 4029 21
513 3969 569 4027 οὐκ
592 3965 717 4048 ἀπέγνω
734 3974 786 4042 τῆς
808 3966 950 4038 δίκης-
962 3978 1163 4052 καταγνῶναι
1175 4005 1216 4014 --
1228 3967 1414 4044 ἀπογνῶναι

313 4075 366 4142 τῆς
394 4068 488 4145 δίκης,
511 4067 550 4130 45
579 4069 605 4129 εί
632 4069 648 4127 ὁ
672 4069 710 4129 Θ.
736 4065 860 4151 ἀπέγνω
890 4079 945 4143 τῆς
972 4066 1256 4153 ἀίκηςκ-γνόντος
1285 4075 1347 4129 τοῦ
1370 4069 1413 4132 Θ.

315 4165 445 4228 ἀπιέναι
466 4168 683 4246 ημᾶς-ἔγνω
706 4165 928 4234 ἀπιέναι-εί
949 4170 1142 4248 ἀπογνοίητε
1165 4177 1220 4242 τῆς
1243 4168 1332 4242 δίκης.

397 4264 442 4346 ἐξ.
463 4267 502 4329 27
531 4267 561 4340 ἐξ
580 4269 676 4352 ἀρχῆς
700 4267 805 4342 εὐθύς,
828 4268 867 4330 33
890 4268 983 4341 εὐθὺς
1010 4269 1041 4342 ἐξ
1063 4270 1169 4354 ἀρχῆς,
1191 4268 1232 4331 40
1251 4269 1282 4342 ἐξ
1304 4269 1415 4352 ἀρχῆς.
