3164 4932
28 3658 35 3682 ''
161 3664 344 3750 usurpauit.

612 377 819 438 ..17-

250 559 276 639 §.
296 564 329 622 8:
356 559 665 644 παραχειμάζειν
684 559 816 623 uerbum
838 581 858 622 a
878 559 1100 624 Demosthenis
1121 583 1264 627 sermone

163 661 305 724 alienum
340 664 401 722 est:
433 677 536 740 neque
564 658 647 721 enim
679 659 795 743 legitur
823 660 882 723 nisi
911 657 1018 741 [LVI]
1047 662 1096 724 30.
1127 660 1264 742 ¹Eodem

164 781 260 825 sensu
283 781 302 822 a
322 757 536 844 Demosthene
558 758 693 843 simplex
715 758 847 822 uerbum
870 759 1079 842 χειμάζειν
1107 767 1155 826 est
1175 784 1263 826 usur-

163 867 291 947 patum:
312 858 402 923 VIII.
424 861 479 939 453
502 857 567 939 [Χ]
593 859 639 922 16.
741 941 743 944 .
925 851 927 855 ’

248 959 344 1023 Ibid.:
382 960 567 1044 ἀπρασίαν
597 958 837 1040 substantiuum,
867 959 950 1040 quod
979 962 1131 1046 repetitur
1160 961 1185 1042 ἕ.
1214 966 1264 1044 22,

165 1060 263 1125 semel
285 1060 363 1142 legi:
390 1058 528 1122 XXVII.
551 1061 600 1121 21.

248 1157 276 1240 ξ.
299 1163 333 1222 9;
362 1158 568 1243 ἀγόρασμα
594 1159 794 1241 uocabulum,
823 1160 906 1244 quod
928 1163 1081 1246 repetitur
1103 1161 1129 1242 ξ.
1153 1167 1202 1245 33,
1232 1165 1265 1228 in

170 1259 360 1325 orationibus
380 1257 630 1322 Demosthenieis
652 1259 768 1323 frustra
790 1279 930 1341 quaeres.
1184 1325 1186 1334 ,

248 1360 332 1424 Item
353 1358 542 1431 adieetiuum
565 1357 749 1443 άπρατος
779 1366 811 1423 et
839 1360 1071 1426 substantiuum
1097 1369 1216 1448 ῥῶπος
1246 1386 1265 1426 a

168 1460 389 1526 Demosthenis
412 1460 501 1542 eopia
522 1460 690 1523 uerborum
713 1461 817 1524 aliena
838 1461 985 1542 uidentur
1007 1463 1111 1527 fuisse.

249 1557 276 1640 ξ.
306 1563 359 1623 1οε
389 1561 421 1622 in
451 1558 515 1622 hae·
539 1566 663 1641 quoque
690 1561 893 1646 paragrapho
928 1562 1089 1648 complura
1117 1564 1265 1646 leguntur

172 1661 275 1742 uerba,
304 1679 386 1742 quae
414 1658 500 1744 apud
521 1659 766 1724 Demosthenem
795 1661 952 1726 rarissime
980 1663 1183 1727 inueniuntur
1211 1670 1266 1727 aut

174 1761 293 1824 omnino
322 1780 384 1822 non
413 1765 548 1822 exstant.
590 1758 638 1822 Ao
665 1761 801 1845 primum
828 1760 960 1825 uerbum
983 1776 1176 1844 ναυαγεῖν
1203 1785 1266 1827 non

172 1860 302 1924 occurrit
322 1859 381 1923 nisi
404 1860 435 1922 in
456 1859 648 1924 orationibus
670 1861 891 1944 suppositioiis:
910 1859 1070 1943 [XXXV]
1087 1865 1124 1926 31
1142 1863 1199 1946 bis,
1214 1866 1264 1947 32,

172 1958 279 2042 [LXI]
302 1962 352 2022 29.
1074 1971 1077 1976 ’
1208 1963 1213 1970 ’

252 2059 375 2124 Deinde
401 2061 433 2123 in
460 2060 519 2123 hoo
541 2066 606 2124 tam
628 2082 727 2146 paruo
749 2062 911 2126 enuntiato
939 2062 1193 2150 ,προςανέλαβεν
1213 2064 1266 2123 ἐπὶ

177 2161 216 2222 τὸ
236 2160 447 2247 κατάστρωμα
475 2159 580 2243 χιλίας
600 2161 744 2247 'pipard‘
770 2162 831 2224 tria
859 2162 965 2251 insunt
990 2163 1155 2244 uocabula,
1183 2182 1266 2244 quae

177 2260 262 2324 nullo
289 2261 345 2324 alio
373 2261 442 2324 loeo
469 2261 617 2346 reperies,
644 2279 726 2342 quae
753 2268 838 2324 sunt:
864 2262 1265 2346 ’προςαναλαμβάνω,

173 2359 464 2448 κατάστρωμα,
493 2361 626 2446 βύρσα.

254 2461 491 2526 Substantiuum
518 2483 611 2547 porro
638 2463 867 2546 διαφθορά,
896 2462 979 2544 quod
1007 2462 1055 2526 his
1081 2465 1212 2527 occurrit
1233 2464 1266 2526 in

170 2561 230 2654 hae,
260 2561 472 2648 paragrapho,
505 2560 627 2625 duobus
660 2561 810 2625 traditum
843 2569 891 2626 est
923 2563 1011 2627 loeis:
1043 2563 1133 2627 XXI.
1163 2566 1203 2627 25
1235 2571 1266 2628 et

172 2660 364 2743 [XXXXV.]
387 2665 435 2726 39.
1070 2657 1072 2659 ’
1232 2718 1237 2722 .

251 2763 334 2827 Tum
356 2763 495 2843 uerbum,
511 2763 674 2836 ἀποσάζ
683 2787 705 2824 o
728 2784 747 2826 a
761 2762 975 2829 Demosthene
990 2786 1115 2848 prorsus
1130 2766 1266 2829 alienum

166 2871 230 2946 est,
262 2863 464 2927 inueniuntur
493 2869 599 2926 autem
628 2861 707 2926 haee
736 2864 834 2926 uerba
863 2865 1048 2949 composita:
1082 2866 1265 2942 ἀνασώζω,

165 2964 344 3038 διασώζω,
378 2963 526 3036 teodoro:
559 2961 698 3026 XVIIII.
726 2964 775 3042 94,
810 2966 878 3045 149,
910 2966 978 3045 166,
1010 2966 1080 3046 299,
1112 2964 1185 3028 XX.
1216 2967 1266 3046 53,

166 3061 299 3144 [XXV]
339 3066 389 3143 56,
428 3065 478 3142 65,
514 3062 669 3126 XXVIII.
706 3062 755 3145 15,
794 3063 900 3126 XXX.
935 3067 982 3142 18,
1021 3064 1143 3128 XXXI.
1178 3068 1204 3146 1,
1240 3068 1266 3145 7,

30 3243 31 3249 ,
164 3162 333 3246 [ΧΧΧΠ]
359 3165 388 3243 8,
418 3161 629 3243 [ΧΧΧΧΠΙ]
662 3165 709 3242 12,
740 3165 787 3243 75,
815 3161 972 3244 [ΙΝΠΙΙ]
1002 3165 1070 3245 103,
1102 3161 1194 3244 [LX]
1218 3166 1266 3242 23,

28 3271 32 3352 j
163 3261 286 3349 [epist]
308 3262 366 3325 ΙΙΙ.
391 3267 437 3343 18,
459 3266 508 3326 21.

28 3371 30 3381 ⁴
251 3363 340 3427 Idem
356 3363 440 3427 eadit
456 3364 488 3426 in
510 3363 707 3428 substantiua
728 3364 870 3444 λέμβος
893 3370 924 3426 et
946 3364 1110 3440 πένθος,
1134 3383 1265 3446 quorum

28 3450 33 3465 ³
162 3443 305 3529 alterum
324 3464 383 3526 nisi
402 3461 563 3544 [XXXII]
580 3467 599 3527 6
619 3470 650 3527 et
666 3467 693 3544 7,
708 3464 841 3527 alterum
863 3464 923 3527 nisi
943 3461 1034 3544 [LX]
1058 3465 1098 3526 32
1119 3485 1181 3527 non
1195 3465 1267 3543 legi.

31 3563 33 3600 s
254 3564 507 3644 Συνανάγειν
535 3563 669 3645 denique
698 3562 832 3626 uerbum
859 3562 1090 3628 Demosthenes
1111 3584 1267 3647 nusquam

254 3763 281 3843 ξ.
312 3766 366 3826 12:
395 3715 560 3827 δάνειον
593 3762 834 3844 substantiuum,
870 3761 953 3847 quod
988 3768 1035 3826 est
1064 3761 1109 3842 ἕξ.
1140 3765 1187 3845 12,
1218 3766 1266 3844 13,

28 3855 33 3883 ἱ
161 3869 219 3946 27,
243 3867 285 3929 30
306 3863 336 3926 h.
360 3885 413 3944 or,
442 3885 503 3927 non
536 3864 677 3928 inuenies
709 3864 769 3930 nisi
800 3865 832 3926 in
865 3864 1057 3928 orationibus
1085 3864 1267 3949 suppositis:

162 3961 332 4048 [XXXV]
349 3967 377 4044 9,
400 3961 561 4045 [XXXX]
578 3966 627 4042 52,
649 3960 758 4044 [LVI]
774 3967 801 4043 4,
825 3965 873 4044 12,
895 3965 941 4042 13,
956 3964 1005 4045 29,
1022 3966 1072 4044 31,
1088 3965 1138 4044 35,
1154 3965 1203 4044 37,
1220 3964 1268 4026 38.

253 4064 344 4127 Ibid.:
366 4065 467 4125 κατὰ
487 4065 548 4146 μὲν
568 4064 702 4148 άρχάςε
722 4064 809 4125 κατά
825 4063 1015 4150 praepositio
1028 4070 1058 4127 et
1070 4065 1268 4127 aecusatiuus

28 4186 38 4214 ι·
161 4165 272 4254 ἀρχάς
296 4164 328 4227 in
349 4163 540 4228 orationibus
554 4162 803 4228 Demostheniois
825 4170 891 4227 tam
913 4169 981 4227 arte
999 4163 1099 4226 solent
1113 4164 1268 4246 coniungi,

28 4263 39 4298 ³¹
161 4274 200 4330 ut
228 4266 259 4328 in
281 4286 377 4327 unum
406 4285 508 4349 paene
529 4263 706 4327 coalescant
733 4263 866 4327 uerbum
891 4283 1115 4347 nonnunquam
1137 4264 1268 4326 articulo

1083 4377 1100 4430 3
